1884 3213
69 904 100 928 10

67 1239 98 1265 15

538 164 735 197 VALERII
760 165 986 198 ANTIATIS
1012 166 1236 200 ANNALES
1570 168 1653 208 263

131 282 250 318 initor
283 281 349 319 ille
381 281 536 319 Africae
568 278 702 329 Scipio
717 282 730 316 'f
762 279 851 318 ideo
883 284 1071 329 quattuor
1103 280 1376 319 nobilissimos
1408 282 1529 320 «luces
1552 282 1649 321 Poe-

130 359 272 386 norum
319 349 359 386 iu
398 348 606 398 Hispania,
654 351 841 401 quattuor
879 349 1078 385 exercitus
1117 347 1218 385 ludit
1259 348 1514 400 fugauitque,
1561 350 1649 388 ideo

130 414 349 465 Syphacem
397 416 523 465 cepit,
570 414 834 453 Hannibalem
880 414 1048 458 (leniuit,
1095 414 1373 465 Carthaginem
1413 417 1649 465 uectigalem

129 480 244 519 nobis
275 482 383 526 feeit,
416 482 654 520 Antiochum
686 504 741 508 —-
771 484 922 532 recepit
954 484 1058 520 enim
1093 484 1256 520 l'ratronl
1280 488 1508 522 consortem
1532 484 1649 523 huius

127 548 277 598 gloriae
310 548 350 587 L.
384 548 517 599 Scipio
548 571 604 575 —
635 549 737 586 ultra
771 551 860 598 iuga
882 549 1000 586 Tauri
1034 550 1197 592 emollit,
1230 554 1272 587 ut
1304 550 1459 589 (luobus¹
1482 551 1650 590 Petilliis

128 615 422 661 succumberet,
456 629 528 654 uos
559 616 605 654 de
638 615 679 654 P.
703 616 1093 666 Africanopalmam
1124 619 1338 666 peteretis?
1372 619 1544 657 nullisne
1567 631 1648 657 me-

128 684 216 721 ritis
254 684 355 727 suis,
396 683 518 721 nullis
559 685 703 721 uestris
743 682 963 721 honoribus
1003 695 1187 733 umquam
1220 685 1259 721 in
1291 697 1424 723 arcein
1458 691 1580 724 tutam
1612 692 1651 724 et

127 749 237 788 uelut
267 755 441 788 sanctam
473 751 570 789 clari
603 751 682 788 uiri
713 752 972 800 perueniont,
1006 749 1087 794 ubi,
1121 752 1153 788 si
1185 763 1264 788 nou
1297 752 1553 794 uenerabilis,
1588 754 1646 791 in-

126 816 272 856 uiolata
317 817 455 856 saltem
501 822 685 856 senectus
731 829 869 855 eorum
915 817 1141 855 consfflat‘c’
1203 820 1329 856 mouit
1367 824 1407 857 et
1443 819 1647 858 ‹lecretunn

126 888 165 922 et
194 884 345 923 adiecta
376 886 503 923 oratio
536 897 614 923 uon
646 889 801 923 ceteros
832 884 962 929 modo,
995 884 1063 923 sed
1094 886 1200 935 ipsos
1232 887 1350 924 etiam
1381 892 1646 931 accusatores,

125 957 163 990 et
194 951 485 990 deliberaturos
516 964 570 996 se,
604 951 699 1002 quid
731 953 791 989 sui
824 952 925 989 iuris
956 956 994 989 ot
1025 953 1149 991 oflicii
1182 958 1298 996 esset,
1333 953 1532 992 dixerunt.
1585 968 1644 992 se-

125 1023 239 1058 natus
270 1018 412 1057 deinde
444 1019 616 1058 concilio
648 1018 775 1069 plebis
806 1018 968 1056 dimisso
1000 1018 1138 1058 haberi
1169 1024 1227 1058 est
1259 1025 1436 1071 coeptus.
1470 1021 1527 1059 ibi
1557 1034 1643 1071 gra-

122 1087 203 1124 tiae
226 1087 407 1136 ingentes
428 1086 477 1125 ab
501 1088 690 1125 uniuerso
713 1086 866 1130 ordine,
897 1088 1111 1137 praecipue
1133 1101 1151 1126 a
1176 1087 1453 1126 consularibus
1475 1090 1643 1127 seniori—

124 1152 298 1204 busque,
341 1154 398 1191 Ti.
432 1153 610 1192 Graccho
649 1159 757 1192 actae
803 1159 914 1197 sunt,
962 1154 1064 1204 quod
1110 1166 1193 1192 rem
1235 1154 1435 1204 publicam
1476 1157 1645 1206 priuatis

123 1220 393 1259 simultatibus
432 1222 627 1271 potiorem
674 1220 897 1265 habuisset,
946 1226 983 1258 et
1014 1221 1145 1259 Petilii
1178 1223 1308 1259 uexati
1341 1227 1432 1260 sunt
1469 1222 1642 1272 probris,

123 1287 226 1338 quod
273 1287 482 1338 splendere
529 1287 658 1326 aliena
704 1288 857 1326 inuidia
898 1288 1118 1326 uoluissent
1157 1294 1195 1326 et
1234 1289 1358 1339 spolia
1390 1301 1437 1327 ex
1468 1291 1643 1328 Ahieani

122 1355 325 1406 triumpho
369 1359 563 1406 peterent.
626 1354 828 1393 silentium
875 1354 1017 1393 deinde
1056 1356 1102 1393 (le
1141 1356 1327 1394 Africano
1366 1357 1454 1395 fuit.
1515 1359 1638 1395 uitam

121 1422 273 1460 Literni
311 1423 392 1472 egit
429 1424 514 1460 sine
554 1422 750 1460 desiderio
783 1420 907 1460 urbis.
968 1423 1204 1460 morientem
1236 1435 1329 1461 rure
1361 1436 1407 1461 eo
1439 1425 1524 1474 ipso
1557 1425 1642 1462 loco

211 1590 232 1621 l.
274 1590 371 1621 Haec
396 1601 416 1621 a
447 1590 585 1622 Valerio
611 1594 754 1620 nurrala
780 1600 863 1623 esse,
889 1590 1029 1629 insuper
1054 1591 1303 1621 (lemonslralm‘
1328 1591 1432 1631 ipsius
1451 1591 1544 1622 Liuii
1567 1602 1641 1622 ner-

120 1635 169 1666 bis
195 1635 431 1666 XXXVIIII
454 1635 513 1670 52,
543 1636 577 1675 1,
613 1635 667 1665 uhi
695 1636 862 1665 senleulz'a
893 1640 1019 1665 mutata
1044 1637 1184 1666 alteram
1206 1636 1329 1673 famam
1355 1637 1532 1677 amplexu-s·
1558 1647 1639 1676 eam,

121 1691 216 1722 quam
250 1681 283 1711 z'n
308 1680 393 1711 libro
421 1680 633 1711 XXXVIII
657 1684 789 1710 seculus·
822 1684 908 1719 erat,
935 1684 970 1710 ul
1000 1681 1216 1711 Valerianum
1246 1680 1391 1719 refutat:
1434 1681 1642 1722 Scipionem

121 1728 157 1756 et
182 1724 355 1766 Polybius
389 1729 425 1755 et
451 1724 611 1756 Rutilius
643 1724 711 1756 hoc
745 1734 839 1755 anno
873 1728 1049 1756 mortuum
1081 1735 1162 1756 esse
1196 1725 1373 1756 scribunt.
1423 1736 1490 1766 ego
1523 1735 1640 1766 neque

119 1770 176 1800 his
201 1780 319 1812 neque
345 1769 530 1801 Valerio
557 1769 753 1803 adsentior,
779 1786 820 1790 —
847 1769 1075 1800 Antiatem
1102 1773 1287 1801 auctorem
1312 1769 1449 1802 refellit
1475 1770 1642 1802 tribunus

121 1815 237 1855 plebis
274 1815 320 1847 M.
358 1814 537 1851 Naeuius,
577 1814 753 1845 aduersus
792 1824 896 1855 quem
937 1815 1054 1845 oratio
1090 1814 1268 1855 inscripta
1306 1815 1343 1846 P.
1382 1815 1547 1846 Africani
1587 1818 1641 1846 est

121 1860 179 1898 [ef.
206 1859 421 1891 XXXVIII
446 1860 501 1899 56,
527 1857 577 1901 6].
617 1859 675 1890 hie
702 1859 865 1890 Naeuius
890 1859 926 1889 in
953 1860 1235 1900 magistratuum
1263 1859 1367 1890 libris
1394 1864 1448 1891 est
1474 1860 1640 1891 tribunus

121 1904 238 1946 plebis
270 1904 308 1935 P.
333 1904 486 1935 Claudio
514 1904 552 1937 L.
574 1904 704 1935 Porcio
731 1903 941 1935 consulibus
968 1906 1058 1941 [184.
1086 1906 1182 1940 570),
1217 1904 1281 1935 sed
1306 1905 1388 1935 iniit
1413 1905 1638 1936 tribunatum

119 1951 186 1990 Ap.
219 1948 374 1981 Claudio
406 1950 454 1981 M.
488 1948 701 1989 Sempronio
734 1948 944 1980 consulibus
979 1946 1078 1991 [185.
1107 1947 1193 1991 569]
1230 1952 1312 1980 ante
1346 1949 1439 1980 diem
1472 1954 1639 1990 quartum

121 1994 202 2025 idus
229 1994 459 2026 Decembres.
486 1993 571 2024 iude
598 1997 672 2024 tres
698 2003 839 2025 menses
859 1993 905 2024 ad
922 1993 1004 2025 idus
1024 1994 1177 2025 Martias
1205 1998 1301 2033 sunt,
1328 1995 1457 2034 quibus
1475 1995 1513 2028 P.
1533 1993 1640 2025 Clau-

121 2038 200 2070 dius
229 2039 269 2070 L.
297 2039 449 2070 Porcius
475 2039 702 2069 consulatum
728 2039 897 2072 inierunt.
939 2039 993 2069 ita
1018 2042 1054 2069 et
1078 2039 1216 2070 uixisse
1241 2040 1278 2069 in
1304 2039 1490 2070 tribunatu
1510 2040 1641 2070 Naeuii

144 2083 264 2114 isletur
289 2083 436 2124 diesque
457 2084 489 2114 ei
507 2082 578 2114 diei
599 2083 643 2114 ab
671 2093 713 2114 eo
739 2083 911 2123 potuisse,
939 2083 1139 2114 decessisse
1166 2087 1286 2114 :tutem
1321 2086 1406 2114 ante
1433 2085 1474 2114 L.
1501 2084 1637 2115 Valerii

119 2131 156 2159 et
187 2128 236 2159 M.
272 2129 391 2159 Porcii
424 2138 628 2159 censuram.
678 2127 804 2159 Oblitus
840 2129 942 2169 igitur
979 2138 1051 2159 esse
1087 2129 1221 2159 uidetur
1257 2128 1375 2159 Liuius
1410 2139 1446 2159 se
1483 2130 1516 2159 in
1551 2128 1637 2159 libro

120 2173 334 2204 XXXVIII
356 2174 462 2214 ipsum
488 2174 528 2204 (le
554 2173 719 2204 orationis
743 2184 764 2203 (ι
793 2173 830 2204 Ρ.
849 2172 1007 2213 Scipione
1033 2178 1152 2204 eontra
1170 2173 1331 2204 Naeuium
1356 2173 1490 2204 habitae
1510 2173 1579 2212 fide
1604 2178 1637 2204 el

263 2332 297 2367 1.
340 2331 551 2379 fugauitque
589 2336 656 2367 aul
696 2332 834 2379 fugauit
878 2332 967 2368 libri
1005 2342 1083 2367 rec.
1153 2331 1364 2377 necauitquo
1402 2331 1502 2378 Mos).

119 2388 155 2424 4.
188 2388 315 2435 recipit
345 2387 502 2434 Maduz'q
534 2389 675 2423 emend.
704 2399 744 2433 p.
777 2387 871 2424 448.
997 2388 1033 2423 5.
1066 2387 1169 2422 Tauri
1202 2388 1283 2433 iuga
1313 2387 1403 2422 libri
1433 2389 1521 2433 aliq.
1555 2398 1631 2422 ree.

204 2444 240 2479 6.
273 2443 547 2479 succumberet?
577 2443 647 2478 Vos
679 2464 733 2468 —-
762 2445 836 2491 peti
867 2444 1013 2479 seretis?
1047 2443 1203 2489 Maduiy
1235 2453 1302 2478 em.
1332 2454 1370 2488 p.
1395 2442 1474 2478 447
1591 2443 1635 2477 «le

119 2500 156 2536 P.
187 2499 353 2535 Africano
375 2501 493 2535 Aldus
524 2510 576 2535 ex
606 2499 774 2546 Moyunt.
836 2499 879 2534 de
909 2501 1004 2546 pacis
1038 2499 1192 2534 Africani
1230 2499 1320 2534 libri
1349 2509 1426 2533 rec.
1572 2510 1632 2545 pe—

120 2556 242 2591 teretis
273 2557 391 2591 Aldus
422 2566 473 2591 esc
503 2555 673 2602 Moyunt.
734 2556 971 2602 impetraretis
1002 2556 1054 2590 M.
1088 2555 1259 2600 Seyffert
1289 2556 1325 2589 in
1357 2554 1469 2589 Jahn.
1501 2556 1632 2590 annal.

120 2613 171 2647 83
200 2623 238 2657 p.
271 2611 350 2647 829
499 2611 533 2646 7.
575 2611 705 2646 uestris
744 2612 834 2646 libri
890 2612 1023 2646 nostris
1055 2611 1210 2657 Maduiy
1241 2620 1308 2645 em.
1338 2621 1376 2655 p.
1410 2609 1503 2654 448,
1537 2611 1635 2645 delet

120 2668 241 2703 Hert:
378 2672 467 2712 post
498 2666 693 2702 honoribus
722 2668 889 2702 lacunae
920 2668 1066 2713 siquam
1090 2667 1220 2712 posuit
1252 2665 1530 2710 Weissenborn,
1565 2671 1631 2701 aut

116 2726 233 2768 plura
273 2727 339 2758 (cul
377 2722 530 2766 Quirites
568 2724 803 2757 intercidisse
843 2724 1066 2758 arbitr-(clus.
1213 2732 1376 2766 umquam
1413 2741 1468 2746 ——
1504 2721 1630 2756 saltem

117 2780 206 2814 libri
241 2789 317 2814 rec.
358 2791 447 2823 om.,
488 2779 573 2815 add.
614 2789 664 2813 ex
701 2778 868 2825 Moyzml.
929 2774 1112 2826 uuu‘luzun]
1153 2788 1231 2812 eum
1272 2788 1337 2822 qua
1377 2777 1545 2823 Muqatil.

122 2835 184 2870 11.
218 2840 254 2870 et
284 2846 352 2871 om.
387 2839 568 2882 quattuor
597 2834 686 2870 libri
714 2844 793 2869 rec.

1673 966 1695 996 k
