1884 3213
579 211 620 243 L.
640 209 846 242 COELIVS
871 210 1152 243 ANTIPATER
1472 218 1626 248 CCXXV

104 321 289 374 publicae
320 322 488 361 uulnere
521 326 638 363 etiam
671 325 828 363 Coelius
860 322 1149 375 nal·1·znlorat.¹)
1198 323 1302 375 quod
1337 323 1461 361 nihilo
1494 324 1627 361 minus

104 402 194 428 cum
226 390 416 429 Gracchis
456 392 726 430 familiaritate
759 394 997 431 coniunctus
1029 394 1103 430 suit
1137 389 1199 442 (l'r.
1231 388 1354 443 5012),
1396 403 1473 429 11011
1504 392 1625 428 miru-

105 457 259 502 bimur,
302 471 391 496 nam
433 461 551 497 etiam
583 459 776 498 Fannium
809 459 931 497 Laelii
963 472 1155 509 generum
1187 458 1236 498 ab
1276 471 1414 497 eorum
1447 458 1628 496 consiliis

103 527 233 575 primo
266 538 343 564 non
376 527 696 566 111155031101111111
728 532 845 578 atque
877 529 1007 578 ipsum
1031 527 1209 565 Laelium
1231 527 1429 578 quondam
1462 526 1507 564 ad
1543 528 1626 565 1110-

103 594 208 643 piam
240 593 369 644 plebis
401 594 609 633 leuandam
642 597 817 633 animum
847 595 1065 633 intendisse
1098 596 1174 632 13111
1207 607 1326 645 supra
1358 596 1598 633 monuimus.

216 661 354 711 Magna
386 674 484 701 uero
516 663 619 713 apud
652 670 810 701 ueteres
842 662 964 700 Coelii
1005 662 1194 700 1115101131·
1230 662 1412 700 floruisse
1444 663 1628 701 videntur

104 730 353 774 auctoritate,
387 742 462 781 qua
495 735 703 769 conmotus
732 731 781 768 M.
804 731 951 769 Brutus
983 742 1120 768 earum
1152 732 1269 768 etiam
1302 732 1503 780 epitomen
1535 742 1628 768 con-

103 794 307 849 feceram)
370 810 607 849 quamquam
640 798 821 837 Cicero
852 798 1031 850 quidem,
1073 799 1141 849 qui
1181 798 1286 836 1111110
1320 799 1480 848 saepius
1511 811 1628 849 quam

103 868 260 902 ceteros
299 864 442 904 horum
479 871 705 917 temporum
744 868 963 917 scriptores
1002 867 1142 904 citauit
1185 863 1256 915 (fr.
1293 863 1327 903 1.
1364 864 1427 903 11.
1465 863 1527 903 19.
1560 863 1628 904 20.

102 928 170 969 34.
209 928 277 969 49.
309 929 400 984 50),
440 936 565 984 magis
605 941 770 987 propter
807 936 979 972 uirtutes
1019 935 1215 971 oratorias
1258 945 1375 984 qurnn
1419 933 1630 972 historicas

105 1010 169 1036 eas
200 999 400 1038 lectitasse
434 1001 606 1040 uidetur.
649 1001 694 1040 In
726 1003 866 1053 primis
898 1006 1030 1040 autem
1052 1001 1230 1040 Liuius
1262 1002 1303 1039 in
1334 1003 1451 1039 tertia
1484 1001 1630 1039 decade

103 1066 271 1105 multum
294 1067 471 1108 Coelium
497 1067 747 1121 exscripsiffl)
781 1075 840 1114 et,
875 1081 965 1108 cum
987 1069 1176 1120 Polybius
1209 1070 1295 1107 01115
1319 1068 1517 1107 desideria
1551 1082 1629 1107 non

196 1212 220 1255 1)
260 1214 363 1255 Quod
394 1215 570 1247 iudicium
607 1215 690 1247 huic
723 1215 840 1248 simile
873 1216 984 1248 etiam
1018 1215 1061 1247 de
1094 1215 1268 1247 Terentio
1303 1216 1464 1247 Varrone
1504 1216 1631 1255 fertur,

106 1271 263 1303 fortasse
298 1272 383 1304 item
411 1271 531 1303 Coelii
561 1271 641 1303 fuit.
692 1282 772 1303 cum
804 1271 874 1304 hac
898 1271 1072 1303 Flaminii
1097 1272 1335 1313 Terentiique
1363 1272 1630 1304 obtrectatione

105 1331 184 1359 arte
223 1328 420 1360 cohaerere
458 1328 569 1359 Fabii
606 1327 844 1360 Cunctatoris
880 1328 1011 1360 laudes
1047 1328 1108 1359 uix
1150 1328 1218 1359 erit
1256 1338 1319 1359 cur
1356 1339 1531 1360 moneam.
1581 1328 1629 1359 cf.

105 1392 215 1424 supra
240 1394 274 1425 p.
301 1383 518 1415 CXXXIIII.
545 1383 831 1416 CXXXXVIIII.

192 1438 219 1480 ²)
252 1441 383 1472 Nescio
410 1451 457 1472 an
483 1451 504 1471 a
531 1440 708 1472 Gracchis
739 1442 845 1472 etiam
874 1440 918 1472 ad
943 1441 1020 1473 eius
1055 1440 1218 1472 familiae
1243 1441 1423 1472 tablinum
1451 1440 1572 1472 aditus
1598 1441 1631 1472 ei

103 1495 312 1537 patefactus
345 1497 405 1530 sit.
455 1499 555 1528 certe
581 1496 844 1528 Weissenborn
879 1497 924 1528 ad
950 1498 1029 1528 Liu.
1059 1496 1182 1528 XXIII
1208 1497 1269 1537 35,
1298 1498 1356 1537 19,
1391 1506 1627 1538 quaecunque

105 1551 151 1582 ad
175 1551 228 1585 Ti.
255 1552 459 1594 Sempronii
486 1553 642 1586 Gracchi
667 1551 779 1593 (cons.
799 1554 874 1585 ⁶215.
902 1552 981 1593 539)
1009 1563 1068 1584 res
1093 1556 1218 1595 gestas
1244 1553 1483 1594 pertinerent,
1510 1553 1629 1594 copio-

103 1607 246 1640 sissime
273 1619 294 1640 a
319 1609 425 1640 Liuio
453 1609 623 1651 exposita
651 1619 729 1641 esse
758 1612 858 1641 recte
886 1609 1159 1642 animaduertit.
1207 1609 1334 1641 Liuius
1362 1612 1484 1641 autem
1509 1610 1547 1641 in
1572 1610 1629 1641 his

103 1665 270 1705 partibus
295 1664 422 1697 Coelio
448 1675 534 1697 usus
561 1669 628 1697 est.

194 1720 220 1762 3)
253 1721 356 1752 Anno
389 1722 484 1752 enim
513 1722 568 1753 45.
596 1723 659 1753 709
694 1722 789 1763 petit
815 1722 946 1754 Cicero
979 1722 1023 1753 ab
1055 1721 1196 1761 Attico,
1229 1725 1270 1752 ut
1296 1723 1500 1764 ‘epitomen
1524 1723 1629 1754 Bruti

104 1775 381 1809 Coelianorum’
409 1778 479 1809 sibi
505 1778 639 1809 mittat.
668 1788 723 1819 ep,
750 1777 838 1809 XIII
864 1779 895 1810 8.
945 1778 1041 1810 idem
1067 1779 1104 1809 in
1130 1779 1231 1809 Brut.
1258 1779 1313 1819 26,
1342 1781 1405 1811 10⁴2
1431 1778 1549 1811 Coelii
1575 1780 1628 1810 hi-

104 1833 236 1864 storias
262 1833 298 1864 in
324 1833 428 1864 Bruti
447 1833 633 1875 Atticique
660 1834 827 1865 manibus
854 1844 933 1865 esse
959 1833 1076 1876 fingit.
1124 1834 1179 1865 Ab
1207 1835 1332 1866 eodem
1350 1835 1396 1866 M.
1416 1835 1528 1867 Bruto
1555 1836 1628 1876 epi-

104 1892 219 1920 tomas
238 1890 508 1922 Fannianorum
536 1889 622 1930 (uid.
649 1901 684 1932 p.
701 1889 827 1928 CCVI)
856 1893 891 1922 et
910 1890 1057 1932 Polybii
1085 1888 1199 1930 (Plut.
1219 1892 1320 1923 Brut.
1338 1890 1372 1932 4)
1401 1892 1626 1933 conscriptas

105 1955 183 1977 esse
209 1949 368 1980 constat.

196 2000 224 2042 ⁴)
250 2001 402 2033 Nitzsch
428 2012 516 2033 mus.
543 2001 657 2033 Rhen.
685 2013 718 2033 n.
743 2002 866 2034 XXIII
891 2014 923 2044 p.
942 2004 1006 2035 604
1033 2013 1107 2044 sq.,
1135 2013 1214 2035 cum
1240 2003 1346 2035 nimis
1372 2003 1626 2045 descriptioni-

107 2056 175 2089 bus
200 2058 355 2099 poeticis
381 2058 588 2100 indulgeret
608 2058 766 2098 Coelius,
793 2059 938 2090 Liuium
965 2059 1029 2091 sub
1057 2061 1190 2092 tertiae
1216 2060 1364 2092 decadis
1382 2059 1488 2091 finem
1513 2061 1558 2091 ab
1585 2070 1626 2091 eo

105 2112 322 2145 discessisse
350 2115 556 2155 suspicatus
582 2118 649 2155 est,
677 2114 738 2146 sed
765 2115 826 2156 qui
852 2115 1068 2146 adferuntur
1092 2116 1195 2147 Liuii
1220 2116 1289 2148 loci
1316 2114 1374 2158 (fr.
1393 2117 1446 2147 39.
1470 2113 1530 2155 40)
1558 2115 1626 2146 etsi

103 2168 171 2200 hoc
197 2170 354 2211 probant
379 2170 474 2202 ultra
500 2171 578 2202 ueri
605 2171 764 2212 speciem
791 2181 976 2212 egressum
1004 2182 1084 2204 esse
1111 2172 1147 2203 in
1174 2171 1341 2214 fingendo
1369 2171 1542 2211 Coelium,
1570 2174 1624 2202 ta—

104 2235 184 2257 men
208 2225 293 2257 inde
319 2237 390 2258 non
417 2227 581 2268 sequitur
605 2227 814 2258 necessario
840 2227 877 2258 in
902 2227 1008 2260 libris
1035 2228 1210 2260 XXVIIII
1238 2232 1274 2259 et
1292 2228 1391 2259 XXX
1418 2227 1579 2259 Coelium
1605 2238 1626 2258 a

102 2280 210 2313 Liuio
235 2282 435 2323 sepositum
461 2292 550 2314 esse.
590 2283 716 2324 Neque
742 2283 809 2314 hoc
834 2283 921 2314 mihi
947 2283 1008 2316 ille
1035 2284 1218 2325 persuasit
1243 2283 1281 2325 (l.
1307 2295 1333 2315 s.
1361 2287 1397 2315 et
1424 2293 1481 2325 ap.
1503 2283 1625 2323 Sybcl.

106 2337 302 2378 Zeitsclzrift
320 2338 371 2369 XI
396 2349 430 2380 p.
450 2340 493 2370 20
510 2336 578 2381 sq.)
604 2338 749 2370 Liuium
774 2339 812 2370 in
839 2340 950 2371 tertia
974 2339 1113 2371 decade
1132 2339 1283 2381 Polybio
1310 2350 1380 2371 non
1405 2349 1482 2371 0550
1508 2348 1623 2377 usum,

104 2392 168 2424 sed
193 2403 316 2439 eorum
344 2404 560 2426 consensum
586 2394 670 2426 inde
696 2405 776 2427 esse
803 2399 940 2435 natum,
968 2396 1062 2437 quod
1081 2396 1228 2427 Silenus
1256 2399 1291 2427 et
1316 2407 1337 2427 a
1362 2396 1513 2437 Polybio
1540 2398 1576 2426 et
1603 2405 1623 2424 a

105 2448 229 2481 Coelio
261 2452 358 2481 esset
390 2450 610 2492 exscriptus,
647 2450 707 2482 hie
740 2454 861 2483 autem
897 2451 1077 2494 (exceptis
1108 2452 1246 2483 ultimis
1278 2450 1398 2492 libris)
1431 2450 1624 2492 primarius

104 2504 210 2536 Liuio
242 2505 312 2536 dux
343 2506 482 2540 fuisset.
531 2506 562 2537 A
591 2507 782 2539 Nitzschio
812 2507 1000 2549 profectus
1032 2508 1227 2540 Boettcher
1269 2507 1461 2547 (Kritz'selae
1505 2506 1623 2538 Umer-

102 2561 292 2602 szcclzzmyen
322 2562 404 2594 iiber
434 2564 488 2595 die
514 2562 648 2602 chellen
679 2564 739 2595 (les
764 2564 879 2595 Livius
910 2567 951 2595 im
977 2564 1070 2595 XXI
1100 2565 1169 2595 und
1193 2564 1308 2595 XXII
1335 2561 1448 2602 Buclt)
1475 2561 1622 2602 copiosa

105 2618 399 2649 conmentatione
425 2629 446 2649 a
470 2619 596 2659 Liuio,
629 2630 709 2650 cum
740 2622 887 2650 tertium
913 2620 1056 2660 Polybii
1081 2620 1212 2651 librum
1238 2620 1441 2660 ignoraret,
1468 2618 1505 2648 111
1531 2616 1621 2648 libro

106 2672 190 2703 XXI
214 2676 252 2703 et
277 2673 381 2705 XXII
406 2674 511 2705 unius
537 2674 651 2706 Coelii
676 2675 851 2707 historias
876 2675 1078 2707 translatas
1104 2685 1186 2707 esse
1213 2675 1461 2706 demonstrare
1488 2672 1621 2707 studet,

105 2737 197 2768 quae
230 2732 351 2759 autem
383 2729 580 2761 intercedit
610 2731 705 2762 inter
734 2731 925 2772 Polybium
959 2734 995 2763 et
1026 2732 1166 2762 Liuium
1201 2730 1390 2771 cognatio,
1422 2729 1474 2760 ita
1507 2729 1552 2760 ab
1579 2739 1621 2760 eo

104 2783 326 2825 explicatur,
358 2789 397 2816 ut
422 2785 645 2816 Nitzschium
678 2790 828 2818 secutus
856 2790 892 2818 et
918 2786 1081 2819 Coelium
1114 2790 1149 2817 et
1174 2785 1364 2826 Polybium
1391 2784 1511 2816 Sileno
1536 2794 1622 2816 usos

105 2849 182 2871 esse
210 2839 317 2871 dicat.
366 2844 403 2872 at
435 2841 689 2882 fundamenta,
722 2843 758 2873 in
784 2844 913 2884 quibus
944 2843 1037 2874 haec
1064 2843 1186 2883 opinio
1213 2844 1400 2872 exstructa
1426 2845 1500 2881 est,
1534 2840 1620 2872 mihi

104 2895 201 2926 fluxa
227 2899 263 2927 et
287 2896 428 2928 infirma
453 2897 570 2928 uideri
593 2897 664 2929 iam
691 2908 795 2940 supra
822 2898 985 2930 indicaui
1010 2909 1041 2939 p.
1070 2897 1267 2929 LXXXXI.

179 2957 292 2988 PETER,
311 2956 391 2982 Hist.
410 2957 498 2982 Rom.
519 2956 581 2981 rell.
618 2957 641 2981 1.
1311 2954 1351 2984 15
