1884 3213
258 185 313 225 50
874 184 1174 225 RELLIQVIAE

496 329 793 378 POSTVMII
827 331 911 378 DE
947 330 1254 378 ADVENTV
1288 330 1548 378 AENEAE

373 442 416 484 3.
447 445 563 484 Seru.
594 445 650 483 ad
680 446 776 483 Aen.
813 445 942 484 VIIII
974 442 1058 484 710
1087 445 1314 484 Postumius
1345 444 1392 483 de
1424 445 1595 483 aduentu
1627 445 1782 483 Aeneae

258 520 296 552 et
341 512 523 552 Lutatius
573 514 844 551 communium
895 512 1176 558 historiarum,
1226 512 1363 551 Boiam
1412 512 1572 551 Euximi
1623 513 1782 551 comitis

257 582 413 620 Aeneae
445 581 644 620 nutricem
677 587 715 619 et
747 580 795 619 ab
828 582 915 619 eius
948 582 1108 620 nomine
1139 581 1254 619 Boias
1286 585 1446 619 uocatas
1479 580 1630 619 dicunt..

256 739 355 780 regis
381 742 502 779 natus,
528 739 674 770 iuuenis
698 738 804 780 longe
830 738 924 770 alius
950 739 1097 781 ingenio
1123 749 1230 781 quam
1257 739 1358 770 euius
1384 737 1655 771 simulationem
1677 738 1781 771 indu-

259 787 349 816 erat.
398 786 427 816 is
462 794 542 816 eum
574 784 749 826 primores
775 785 939 816 ciuitatis
969 784 1007 815 in
1039 785 1170 826 quibus
1204 784 1354 815 fratrem
1387 793 1488 815 suum
1521 785 1567 816 ab
1599 785 1780 817 auunculo

258 829 496 861 interfectum
521 829 701 870 audisset,
727 840 844 871 neque
870 830 907 860 in
933 829 1054 861 animo
1081 840 1146 861 suo
1172 830 1364 871 quicquam
1390 829 1469 869 regi
1494 829 1693 861 timendum
1719 840 1780 861 ne-

259 885 326 917 que
352 875 389 906 in
416 875 565 906 fortuna
590 874 921 917 concupiscendum
951 874 1154 916 relinquere
1191 875 1323 906 statuit
1360 877 1642 917 contemptuque
1681 878 1781 907 tutus

257 930 349 957 esse,
375 920 436 951 ubi
463 921 499 951 in
526 920 604 952 iure
630 930 756 962 parum
788 920 966 962 praesidii
992 923 1103 953 esset.
1153 930 1240 962 ergo
1278 930 1321 951 ex
1357 919 1540 951 industria
1579 920 1701 951 faetus
1733 920 1780 951 ad

256 965 497 997 imitationem
516 964 696 997 stultitiae
715 975 795 997 cum
815 975 853 997 se
873 975 1011 1006 suaque
1028 964 1188 1006 praedae
1206 974 1286 997 esse
1308 965 1387 1005 regi
1407 965 1555 1005 sineret,
1571 965 1675 997 Bruti
1694 975 1778 1007 quo-

255 1020 323 1051 que
350 1010 447 1041 haud
474 1010 603 1041 abnuit
628 1021 847 1052 cognomen,
885 1015 926 1042 ut
962 1011 1027 1042 sub
1063 1011 1139 1042 eius
1171 1010 1323 1041 obtentu
1358 1010 1581 1050 cognominis
1607 1010 1781 1042 liberator

254 1055 316 1087 ille
343 1055 469 1097 populi
492 1056 648 1088 Romani
674 1057 816 1087 animus
840 1055 962 1088 latens
986 1056 1218 1098 opperiretur
1242 1058 1406 1097 tempora
1433 1064 1509 1089 sua.

366 1200 409 1242 3.
439 1205 553 1242 habet
583 1216 634 1242 ex
667 1206 835 1243 Thilom's
870 1206 979 1242 libris
1017 1208 1121 1243 solus
1152 1206 1367 1242 Parisinus.
1458 1206 1492 1241 1.
1524 1206 1715 1253 postuinus
1746 1205 1782 1241 P

423 1262 460 1298 2.
494 1263 678 1299 historiam
716 1263 751 1299 P
939 1262 1072 1299 Euxeni
1110 1263 1395 1310 Reifferscheid
1430 1274 1477 1300 m.
1517 1262 1590 1298 Rh.
1630 1274 1666 1297 η.
1698 1262 1780 1298 XV

250 1331 289 1365 p.
322 1319 401 1356 609
590 1319 625 1355 3.
659 1320 819 1355 nun-icae
851 1320 885 1356 P
1054 1316 1174 1370 Boias]
1207 1320 1303 1355 Baias
1335 1320 1442 1366 apud
1469 1319 1574 1355 Lion.
1610 1319 1774 1363 (Paris.)

250 1381 436 1412 secuntur
483 1377 589 1422 apud
619 1376 795 1412 Seruium
826 1376 943 1412 haec.-
985 1377 1131 1413 Veteres
1173 1381 1290 1412 tamen
1328 1381 1475 1423 portum
1506 1375 1604 1411 Baias
1645 1375 1775 1411 dixisse

252 1432 362 1468 Varro
394 1438 429 1468 et
459 1445 478 1468 a
509 1433 589 1469 Baio
614 1432 719 1469 Vlixis
741 1434 886 1480 comite,
918 1433 979 1481 qui
1010 1432 1081 1469 illic
1110 1433 1273 1481 sepultus
1295 1437 1364 1479 est,
1395 1432 1491 1467 Baias
1513 1431 1623 1467 dietas
1655 1431 1773 1467 tradit.
