1884 3213
641 177 687 208 M.
716 176 924 210 PORCIVS
953 176 1078 213 CATO
1500 186 1629 216 CLVII

102 290 214 329 effert
245 289 442 331 laudibus,
479 290 650 341 denique
682 291 786 342 quod
818 293 903 330 eius
935 291 1051 330 sidem
1085 302 1203 341 supra
1231 289 1397 328 Fabium
1430 290 1628 329 Pictorem

102 363 140 396 et
171 357 422 396 Vennonium
454 359 566 408 ponit
606 356 669 407 (sr.
703 356 785 410 23).
849 365 978 398 tamen
1021 360 1078 396 vis
1120 358 1218 396 locis
1251 359 1450 408 exceptis.
1483 357 1630 408 quibus

103 424 249 463 diserte
290 425 336 464 ad
377 426 535 464 Catonis
575 427 855 465 auctoritatem
895 438 1132 465 reuocamur
1173 424 1234 475 (fr.
1276 423 1314 464 6.
1358 423 1421 463 15.
1465 423 1529 463 17.
1561 423 1628 464 23.

100 489 182 543 50),
218 492 415 543 Kiessling
446 494 523 531 tria
562 498 715 531 tantum
756 493 871 531 modo
912 495 997 532 eius
1029 494 1200 542 uestigia
1235 492 1298 542 (ef.
1334 493 1466 531 adnot.
1501 492 1547 531 ad
1580 494 1627 531 sr.

102 556 139 597 8.
171 557 239 611 46)
275 560 479 610 indagauit
513 559 563 611 (p.
600 557 678 612 19),
711 573 880 612 quorum
914 562 1075 600 tertium
1109 560 1318 598 admodum
1359 560 1523 599 dubium
1557 567 1628 605 est,

101 639 229 678 neque
262 639 333 665 nos
365 627 453 678 plus
483 633 669 679 quattuor
701 628 808 667 locos
847 628 992 667 addere
1034 629 1235 679 potuimus
1277 626 1371 677 (uid.
1412 628 1542 667 adnot.
1583 628 1628 666 ad

100 691 139 732 4.
171 691 237 732 22.
270 692 337 733 31.
370 692 451 743 36),
484 695 629 746 quibus
659 701 768 735 certe
800 695 901 734 nihil
933 695 1130 739 obstabat,
1165 696 1377 746 quominus
1399 695 1628 745 Dionysium

102 761 240 800 Catoni
272 774 312 800 se
346 762 543 801 addixisse
576 762 879 802 arbitraremur.
941 763 1102 801 uidetur
1141 764 1265 812 igitur
1304 762 1516 813 Dionysius
1556 763 1627 801 11011·

102 829 262 880 quidem
302 830 498 874 noluisse,
550 830 676 869 libros
716 844 808 869 suos
847 833 1084 869 auctoritate
1126 831 1286 869 (lamnis
1326 830 1495 868 multum
1535 836 1628 869 tune

102 897 297 948 temporis
329 896 531 936 celebrata
563 906 714 943 carere,
748 898 816 937 sed
847 903 994 943 tamen,
1028 911 1117 936 011111
1150 899 1281 936 sontes
1313 899 1527 948 primarios
1558 898 1628 936 eli-

102 970 226 1014 geret,
260 965 496 1016 praetulisse
529 966 688 1005 Catonis
728 965 921 1004 breuitati
961 967 1230 1017 posteriorum
1269 967 1512 1017 scriptorum
1551 967 1628 1004 An-

104 1033 241 1071 tiatum
274 1037 312 1071 et
343 1032 700 1083 Quadrigariorum
741 1034 1010 1085 prolixitatem
1053 1040 1091 1073 01
1129 1034 1319 1072 Pisonum
1359 1032 1629 1072 dubitationes

105 1101 229 1150 ipsius
262 1101 423 1150 ingenio
454 1102 580 1151 magis
612 1106 911 1140 consentaneas.

216 1167 378 1205 Praeter
412 1168 531 1207 hosce
565 1168 631 1206 illa
663 1174 790 1207 aetate
823 1168 1058 1213 Ouidius,
1093 1171 1125 1207 si
1156 1169 1348 1207 Merkelio
1372 1168 1504 1207 eredis
1526 1167 1627 1218 (fast.

104 1247 140 1285 p.
173 1233 347 1272 LXXXII
379 1235 466 1286 sq.)‚
499 1235 668 1274 multum
700 1242 884 1274 uersatus
907 1242 965 1274 est
999 1237 1038 1274 111
1067 1236 1239 1275 lectione
1263 1236 1477 1275 Catoniana
1503 1234 1630 1285 (euius

104 1307 234 1340 tamen
265 1304 481 1353 perexigua
504 1304 673 1353 uestigia
698 1304 738 1341 111
770 1305 884 1342 fastis
916 1308 1069 1342 exstant
1101 1305 1151 1342 cf.
1186 1303 1318 1342 adnot.
1344 1303 1390 1341 ad
1414 1304 1462 1341 sr.
1490 1300 1552 1340 12.
1576 1302 1631 1341 24

105 1375 143 1408 et
165 1366 323 1408 111429
346 1382 428 1421 sqq.
462 1383 551 1408 cum
576 1371 625 1408 fr.
649 1368 732 1421 20),
766 1371 951 1422 idemque
984 1372 1181 1422 suspicari
1213 1382 1424 1421 possumus
1456 1370 1502 1408 de
1534 1370 1566 1409 II
1583 1383 1627 1421 y-

103 1438 240 1488 gino‚
275 1437 361 1475 eius
393 1438 534 1482 amico,
568 1439 752 1488 quoniam
789 1437 890 1476 idem
924 1440 1006 1476 fere
1045 1438 1257 1476 consilium
1297 1438 1400 1489 quod
1432 1438 1525 1477 Cato
1557 1440 1628 1476 tri—

103 1503 176 1543 bus
207 1506 349 1556 primis
382 1506 584 1555 originum
616 1505 733 1543 libris
765 1506 805 1543 in
838 1518 883 1543 eo
916 1505 1035 1549 libro,
1068 1507 1135 1557 qui
1168 1511 1251 1544 erat
1284 1505 1331 1544 de
1361 1505 1531 1544 urbibus
1554 1505 1628 1544 Ita-

104 1572 205 1617 licis,
238 1577 398 1611 secutus
430 1584 516 1610 esse
547 1572 708 1611 uidetur
740 1577 857 1623 atque
890 1574 1008 1612 etiam
1042 1574 1082 1611 111
1114 1573 1261 1612 fabulis
1292 1585 1371 1611 uno
1404 1573 1491 1612 loco
1515 1574 1626 1612 Cato-

105 1652 195 1678 nem
227 1640 368 1678 citauit
402 1639 504 1689 (adn.
539 1639 585 1678 ad
618 1640 668 1677 sr.
702 1636 755 1691 9).
817 1640 885 1678 sed
917 1641 1135 1691 plurimum
1174 1646 1257 1679 tum
1291 1641 1413 1679 studii
1446 1642 1625 1680 eonfere-

105 1706 171 1745 bat
203 1708 243 1745 in
275 1706 462 1746 Catonem
493 1707 708 1745 Verrius
738 1707 963 1746 Flaccus.
1026 1710 1059 1747 is
1092 1720 1169 1746 11011
1202 1709 1349 1752 solum,
1382 1714 1425 1748 ut
1456 1710 1628 1760 antiqui-

105 1779 223 1813 tatem
254 1774 472 1813 Romanam
504 1774 750 1819 inlustraret,
784 1775 973 1814 Catonem
1006 1777 1047 1814 in
1078 1788 1193 1814 usum
1225 1778 1387 1815 uocauit
1420 1776 1487 1814 sed
1511 1778 1629 1815 etiam

103 1841 228 1880 uerba
259 1842 344 1880 eius
375 1841 594 1892 singularia
627 1847 664 1880 et
695 1842 902 1881 recondita
934 1843 1130 1894 peculiari
1163 1843 1268 1882 libro
1301 1844 1528 1895 explicauit,
1562 1845 1629 1895 qui

105 1908 403 1948 inscribebatur
435 1910 484 1947 cle
515 1910 690 1948 obscuris
723 1909 883 1948 Catonis
916 1908 1029 1959 (Gell.
1062 1910 1163 1949 XVII
1194 1909 1233 1956 6,
1264 1909 1319 1963 2).
1383 1913 1416 1950 is
1455 1913 1528 1950 etsi
1569 1913 1627 1950 in-

104 1981 215 2027 teger
247 1976 293 2015 ad
327 1990 397 2015 nos
430 1989 508 2015 non
540 1978 745 2027 peruenit,
787 1982 920 2016 tamen
960 1990 1143 2028 magnam
1185 1984 1337 2030 partem
1384 1980 1541 2018 transiit
1589 1980 1628 2017 111

104 2043 210 2083 Festi
242 2044 392 2083 librum
425 2042 520 2090 [uid.
554 2044 593 2081 C.
627 2044 672 2083 O.
705 2044 890 2084 Muelleri
921 2047 1046 2096 praef.
1071 2059 1107 2097 p.
1131 2046 1242 2098 XVI),
1277 2048 1317 2085 in
1350 2059 1427 2097 quo
1460 2059 1549 2085 011111
1582 2059 1627 2085 ex

104 2113 251 2151 ceteris
291 2112 451 2150 Catonis
492 2112 652 2162 scriptis
701 2117 782 2150 111111
828 2125 873 2151 ex
921 2113 1106 2152 omnihus
1146 2115 1230 2153 sere
1275 2115 1475 2163 originum
1512 2113 1629 2153 libris

105 2179 247 2218 multas
278 2179 470 2218 habemus
502 2179 709 2230 relliquias
742 2180 789 2218 ad
820 2180 989 2219 uerbum
1022 2182 1306 2232 transscriptas
1347 2179 1409 2231 [sfr.
1449 2179 1516 2219 22.
1556 2179 1624 2219 24.

104 2243 171 2285 63.
204 2244 270 2285 72.
304 2244 369 2285 78.
405 2244 496 2285 102.
533 2244 623 2284 111.
660 2244 751 2285 113.
788 2245 894 2299 117).

216 2314 275 2352 Ex
307 2316 365 2353 eis
396 2313 665 2365 scriptoribus
696 2316 763 2365 qui
796 2320 947 2354 restant
979 2317 1097 2354 etiam
1129 2317 1340 2366 pauciores
1371 2316 1419 2354 ad
1441 2316 1626 2355 Catonem

106 2393 240 2419 rerum
272 2394 368 2432 quas
400 2387 639 2433 exposuerat
679 2382 811 2420 studio
849 2382 1008 2421 adducti
1048 2388 1157 2426 sunt,
1190 2382 1371 2434 plerique
1410 2383 1626 2422 uerborum

106 2448 353 2487 exoletorum
386 2450 571 2500 aucupio.
634 2449 681 2487 de
714 2449 794 2487 illis
825 2452 960 2500 priore
992 2449 1078 2489 loco
1118 2461 1242 2500 agam.
1304 2453 1457 2501 primus
1489 2462 1625 2488 eorum

105 2520 284 2566 tempore
317 2522 376 2555 est
407 2516 656 2560 Velleius,
697 2517 764 2567 qui
803 2529 882 2555 uno
915 2517 1001 2556 loco
1040 2529 1154 2568 quam
1195 2517 1242 2555 de
1282 2517 1434 2568 Capuae
1472 2518 1626 2566 origine

106 2582 199 2621 Cato
230 2589 492 2635 proposuerat
524 2584 763 2622 sententiam
795 2585 942 2623 refutat
975 2582 1038 2634 (fr.
1061 2581 1143 2635 69).
1196 2585 1377 2634 sequitur
1410 2583 1625 2628 Plinius,

106 2651 174 2700 qui
206 2650 247 2688 in
278 2649 384 2688 libro
416 2652 534 2689 tertio
566 2651 758 2689 naturalis
789 2651 980 2690 historiae
1004 2650 1094 2702 (quo
1126 2651 1260 2689 Italiae
1284 2651 1500 2700 descriptio
1532 2662 1624 2688 ron-

106 2716 270 2768 tinetur)
306 2729 422 2768 saepe
455 2729 620 2756 numero
653 2718 699 2756 ad
731 2718 890 2757 Catonis
922 2720 1199 2757 auctoritatem
1240 2718 1473 2766 prouocauit
1510 2722 1625 2768 atque

107 2783 153 2821 ad
184 2783 289 2822 hunc
321 2783 480 2835 quidem
511 2783 847 2824 conscribendum
878 2808 933 2812 —
964 2785 1001 2823 id
1033 2784 1135 2835 quod
1167 2796 1213 2821 ex
1236 2795 1370 2821 rerum
1393 2790 1625 2833 argumento

107 2852 287 2900 sequitur
308 2873 363 2877 —
384 2851 584 2900 originum
617 2863 685 2889 seu
717 2851 932 2895 annalium,
966 2863 1063 2902 quos
1096 2852 1180 2900 ipse
1204 2849 1432 2900 appellauit,
1468 2851 1623 2889 thesau-
