1884 3213
220 204 373 234 CCLXH
580 192 645 223 DE
673 188 984 222 SCRIPTORVM
1009 189 1138 222 V1T1s
1165 189 1228 221 ΕΤ
1255 187 1477 222 sommus

220 313 410 347 onomast.
446 319 482 357 p.
512 303 592 343 407
618 304 715 356 sqq.)
757 303 1060 355 proconsulem,
1094 316 1183 342 cum
1217 308 1320 342 esset
1353 304 1439 342 eius
1470 304 1751 348 amicissimus,

222 379 261 415 in
283 377 413 414 Asiam
446 379 606 411 secutus
638 370 826 410 omnibus
857 372 944 409 eius
967 371 1149 410 consiliis
1181 376 1219 409 et
1250 370 1371 410 rebus
1393 368 1632 422 interfuit¹),
1665 371 1752 422 qui-

222 443 296 481 bus
328 441 366 480 id
399 440 604 491 agebatur,
638 445 679 478 ut
712 438 1024 490 prouincialium
1057 440 1262 489 angustiae
1295 444 1332 478 et
1364 441 1498 491 inopia
1520 438 1754 477 leuarentur

223 517 255 549 el
282 509 594 549 defenderentur
618 506 925 559 publicanorum
949 508 1134 545 iniuriae.
1159 506 1264 545 solos
1285 511 1415 545 tamen
1434 518 1577 545 nouem
1599 518 1755 545 menses

222 578 412 617 Scaeuola
434 577 548 615 Asiae
573 576 747 627 praefuit
772 574 866 625 (Cic.
892 574 938 613 ad
960 575 1038 613 Au.
1056 574 1084 611 V
1110 573 1173 619 17,
1196 572 1250 627 5),
1275 574 1344 613 sed
1366 587 1412 613 eo
1435 574 1551 614 breui
1574 579 1754 626 tempore

223 646 490 687 eontiiwiitia,
526 645 699 687 iustitia,
741 642 984 682 liberalitate
1016 643 1252 681 Asianorum
1291 642 1452 694 quidem
1493 654 1666 682 amorem
1700 644 1754 681 ita

223 713 304 751 sibi
337 712 590 755 conciliauit,
631 716 673 749 ut
714 712 754 749 in
793 712 879 749 eius
912 711 1105 748 honorem
1145 710 1251 749 diem
1282 711 1426 749 festum
1460 711 1596 749 Mucia
1626 711 1754 749 nomi-

224 785 368 819 narent
402 778 695 829 (Pseudo-Asc.
730 778 754 816 l.
788 778 834 829 s.)
877 783 915 817 et
946 790 1070 829 usque
1103 778 1150 816 ad
1181 777 1422 817 Mithridatis
1454 783 1621 817 aetatem
1651 777 1755 817 cele-

225 849 391 887 brarent
433 846 528 896 [Cic.
562 846 674 885 Verr.
716 846 750 884 ΙΙ
788 844 863 890 21,
895 843 978 897 51).
1041 844 1348 896 publicanorum
1387 852 1520 886 autem
1558 858 1755 885 summum

225 916 360 955 odium
393 916 433 953 in
465 927 506 953 se
537 915 738 953 conuertit
772 911 867 963 (Cic.
901 913 948 952 ad
979 914 1072 952 fam.
1105 913 1121 951 Ι
1154 910 1199 958 9,
1222 910 1290 953 28.
1324 926 1396 965 pro
1426 914 1559 954 Plane.
1585 911 1649 959 13,
1672 911 1755 965 33).

224 989 481 1035 posteaquam
520 994 617 1021 uero
655 982 810 1020 Mucius
841 981 1005 1020 Romam
1045 981 1236 1026 decessit,
1275 981 1453 1021 Rutilius
1492 983 1538 1031 in
1570 981 1661 1020 Asia
1691 993 1755 1020 re-

224 1049 457 1102 mansisse‘2)
498 1055 538 1089 et
577 1049 714 1088 eodem
754 1061 831 1101 quo
867 1049 1021 1087 Mucius
1053 1049 1185 1087 animo
1218 1061 1282 1087 res
1314 1049 1614 1088 admiiiistrasse
1645 1049 1756 1088 uide-

227 1126 302 1157 [ur.
346 1118 421 1157 Sed
453 1118 517 1157 hic
552 1117 726 1156 inuidiae
760 1118 914 1156 fructus
935 1118 1055 1168 cepit.
1097 1129 1187 1155 nam
1219 1129 1310 1155 cum
1340 1122 1425 1156 tum
1457 1117 1605 1156 iudicia
1636 1129 1758 1168 penes

227 1188 380 1238 equites
411 1191 563 1230 essent,
597 1185 805 1237 publicani
827 1185 938 1230 odia,
972 1183 1117 1235 quibus
1151 1185 1191 1222 in
1212 1184 1407 1223 Rutilium
1430 1190 1545 1236 atque
1577 1187 1618 1224 in
1640 1184 1758 1224 Scae-

229 1255 357 1294 uolam
390 1253 602 1300 ardebant,
643 1253 762 1292 facile
802 1252 954 1304 expleri
995 1257 1032 1290 et
1073 1253 1325 1303 optimatium
1366 1258 1520 1303 partem
1552 1252 1758 1292 debilitari

227 1330 265 1360 et
305 1321 440 1371 adfligi
486 1333 600 1372 posse
651 1320 837 1359 arbitrati
877 1320 1072 1359 Rutilium
1119 1333 1152 1358 a.
1193 1316 1259 1357 92.
1303 1318 1386 1358 662
1426 1321 1489 1359 uel
1529 1318 1595 1359 93.
1635 1317 1756 1370 6613)

228 1389 540 1440 repetumlarum
572 1401 683 1427 reum
708 1390 854 1428 secere.
893 1389 941 1427 de
965 1389 1051 1439 ipso
1084 1400 1181 1426 uero
1214 1388 1383 1432 iudicio,
1422 1390 1496 1427 etsi
1528 1389 1758 1440 saepissime

229 1470 317 1496 cum
341 1456 493 1495 Rutilio
525 1459 717 1495 uirtutem
740 1458 866 1507 ipsam
890 1457 929 1494 in
953 1455 1116 1494 exilium
1138 1456 1299 1494 missam
1333 1468 1418 1494 esse
1442 1461 1756 1507 conqueruntur,

230 1537 427 1576 perpauca
461 1529 618 1563 ueteres
649 1526 866 1576 scriptores
899 1524 1114 1562 memoriae
1146 1523 1372 1574 prodidere.
1413 1525 1603 1562 inmissus
1634 1525 1758 1574 igitur

230 1607 248 1631 a
282 1592 507 1643 publicanis
529 1593 691 1643 Apicius
723 1591 902 1642 quidam,
937 1592 1003 1642 qui
1037 1596 1201 1642 propter
1224 1591 1423 1630 luxuriam
1445 1591 1546 1630 male
1573 1591 1760 1630 audiebat

232 1660 386 1698 Allien.
422 1659 491 1697 llll
519 1656 655 1703 1680‘3,
688 1659 839 1697 Rutilio
872 1668 950 1697 non
983 1659 1111 1697 solum
1144 1658 1266 1697 multa
1300 1659 1438 1697 furtim
1473 1671 1517 1697 ex
1550 1660 1760 1710 prouincia

231 1726 359 1765 ablata
392 1733 704 1778 corruptumque
736 1728 903 1778 pecunia
937 1726 985 1765 ab
1018 1739 1064 1765 eo
1087 1727 1131 1772 Q.
1155 1726 1330 1765 Mucium
1354 1726 1614 1778 exprobrauit
1638 1724 1757 1777 (Cass.

328 1904 351 1949 ¹)
380 1907 481 1938 Ilaec
509 1907 602 1937 enim
629 1906 783 1938 tradidit
802 1906 930 1938 Liuius
947 1904 1028 1948 dper.
1048 1906 1161 1946 LXX,
1188 1917 1340 1948 quocum
1368 1907 1461 1939 facit
1478 1906 1658 1939 Diodorus
1683 1917 1760 1941 exc.

235 1964 278 1995 de
305 1964 387 1994 uirt.
415 1966 452 1994 et
476 1963 540 1993 uit.
569 1962 723 1993 XXXVI
751 1973 782 2004 p.
809 1963 873 1994 610
898 1962 980 1994 val.
1007 1963 1069 1994 152
1095 1963 1219 1994 Dind.:
1247 1957 1486 2004 ἐκπεμφθεὶς
1511 1958 1583 2005 γὰρ
1612 1959 1666 2000 εἰς
1691 1957 1761 2006 τὴν

230 2014 352 2052 Ἀσίαν
379 2014 586 2061 στρατηγὸς
608 2011 878 2060 ἐπιλεξάμενος
905 2013 971 2050 τὸν
989 2012 1143 2058 ἄριστον
1169 2018 1242 2051 τῶν
1268 2018 1391 2060 φίλων
1414 2014 1627 2061 σύμβουλον
1648 2013 1762 2052 Κόιν-

235 2086 298 2108 τον
322 2069 507 2107 Ῥοτίλιον
540 2067 623 2115 μετ’
659 2067 784 2106 αὐτοῦ.
810 2069 1020 2116 συνήδρευε
1047 2068 1325 2117 βουλευόμενος
1355 2073 1422 2108 καὶ
1452 2069 1578 2108 πάντα
1605 2071 1758 2108 διατάτ-

235 2143 308 2164 των
338 2130 401 2164 καὶ
435 2130 573 2173 κρίνων
608 2126 654 2161 τοὶ
686 2125 784 2162 κατὰ
816 2128 886 2172 τὴν
917 2125 1115 2173 ἐπαρχίαν.
1165 2142 1252 2173 prae
1282 2132 1385 2164 hisce
1417 2132 1637 2164 testimoniis
1662 2142 1761 2174 sper-

236 2189 377 2220 nendus
403 2190 457 2219 cst
483 2186 834 2218 Pseudo-Asconius
863 2198 897 2228 p.
926 2188 987 2218 122
1016 2187 1092 2218 Or.:
1126 2187 1237 2219 Huius
1264 2187 1478 2229 (Scaeuolae)
1512 2193 1672 2230 quaestor
1696 2188 1761 2220 Ru-

237 2246 324 2276 tilius
352 2244 457 2283 lsnfnx
483 2245 658 2275 damnatus
683 2247 753 2282 cas-t,
787 2244 876 2284 qnod
899 2254 969 2274 cum
992 2248 1157 2284 praetore
1183 2245 1392 2276 consenserit
1416 2254 1493 2282 suo,
1527 2255 1568 2276 ne
1591 2244 1764 2286 publicani

236 2301 364 2341 aliquid
387 2305 527 2341 agerent
552 2301 584 2330 in
607 2300 787 2340 prouincia
811 2309 884 2331 saa.
936 2299 983 2331 cf.
1010 2299 1223 2331 Perizonius
1256 2300 1438 2334 animadu.
1472 2300 1555 2332 hist.
1579 2311 1613 2343 p.
1640 2301 1683 2333 60
1707 2311 1759 2342 sq.

238 2356 292 2389 ed.
321 2355 423 2389 Harl.

327 2422 354 2465 ²)
382 2424 536 2455 Secutus
562 2433 637 2455 sum
664 2422 896 2454 Ilaackhium
925 2421 1049 2464 (Pauly
1075 2423 1291 2465 lfealeneylcl.
1316 2424 1366 2455 VI
1394 2424 1409 2454 1
1436 2434 1470 2466 p.
1498 2423 1594 2464 587),
1629 2424 1689 2466 qui
1715 2424 1761 2456 ad

238 2481 332 2512 hanc
359 2479 577 2511 sententiam
603 2479 773 2520 peruenit
799 2478 956 2510 conlatis
989 2478 1109 2510 uerbis
1136 2480 1327 2521 Pomponii
1359 2479 1418 2519 (de
1449 2480 1539 2521 orig.
1566 2480 1633 2512 iur.
1660 2479 1694 2511 11
1719 2481 1762 2512 40

239 2547 271 2578 p.
298 2538 317 2567 4
341 2534 539 2575 Momms.):
574 2535 613 2567 P.
643 2535 782 2566 Rutilius
809 2535 932 2574 Rufus,
965 2536 1020 2576 qui
1045 2535 1166 2567 Romae
1192 2538 1307 2568 consul
1336 2540 1368 2567 et
1394 2536 1500 2568 Asiae
1530 2537 1763 2577 proconsul

235 2594 310 2632 fuit,
361 2592 471 2624 etiam
502 2591 569 2622 hoc
601 2590 685 2622 inde
720 2590 830 2622 facilc
857 2590 1079 2632 explicatur,
1113 2591 1207 2632 quod
1233 2591 1391 2624 Rutilius
1423 2602 1517 2624 anno
1543 2592 1681 2624 demum
1706 2593 1760 2623 92.

239 2650 303 2680 662
331 2659 353 2679 a
378 2647 583 2690 publicanis
609 2657 691 2679 reus
719 2646 839 2678 factus
867 2649 941 2686 est,
970 2656 1047 2677 cum
1075 2647 1144 2678 iam
1172 2648 1276 2680 annis
1302 2648 1486 2680 minimum
1511 2651 1651 2690 septem
1677 2652 1762 2681 ante

240 2704 383 2735 Mucius
409 2714 452 2735 ex
477 2703 565 2734 Asia
590 2702 820 2735 decessisset.

330 2769 358 2812 3)
384 2772 452 2802 Hic
479 2781 594 2803 annus
620 2771 785 2812 sequitur
811 2780 855 2801 ex
882 2769 961 2802 loco
989 2780 1057 2811 quo
1076 2771 1205 2803 Liuius
1231 2771 1323 2813 (per.
1343 2770 1458 2811 LXX)
1485 2770 1628 2803 illorum
1654 2781 1762 2803 anno-

242 2837 316 2857 rum
357 2838 414 2858 res
451 2837 672 2868 persequens
704 2826 879 2858 Rutilium
919 2828 954 2857 in
993 2825 1143 2858 exilium
1181 2827 1329 2860 missum
1368 2837 1447 2860 esse
1485 2829 1671 2860 memorat.
1713 2827 1761 2859 cf.

243 2882 412 2921 Fischer,
442 2883 579 2923 Zeittaf.
608 2883 653 2914 ad
680 2894 710 2915 a.
738 2884 813 2915 193.
