1884 3213
606 617 666 669 L.
711 614 1166 672 VOLTAOILIVS
1209 616 1468 673 PLOTVS

381 752 489 798 Quae
521 752 567 790 de
600 752 674 790 hoc
706 753 900 804 scriptore
933 753 1180 803 accepimus,
1220 765 1299 791 uno
1332 753 1511 792 Suetonii
1550 754 1635 793 loco
1676 755 1802 793 conti—

267 826 424 866 nentur,
458 821 570 859 cuins
605 820 702 859 haec
735 826 825 859 sunt
858 819 980 859 uerba
1015 819 1077 871 (de
1105 832 1236 869 yram.
1267 826 1304 860 el
1324 823 1427 860 rhet.
1451 819 1504 860 27
1537 834 1573 872 p.
1602 819 1683 861 124
1704 822 1800 874 Rl'.):

265 888 310 928 L.
344 890 578 928 Voltacilius
608 889 743 927 Ptotus
771 890 943 927 seruisse
974 890 1124 928 dicitur
1155 895 1274 936 alque
1303 891 1422 928 etiam
1453 892 1642 929 ostiarius
1671 898 1805 929 uetere

266 967 375 994 more
405 959 447 995 in
479 962 624 995 calena
650 957 800 1004 fuisse,
842 957 970 995 donec
1000 956 1047 995 ob
1078 957 1276 1004 {menium
1307 962 1345 995 et
1373 958 1548 996 studium
1577 959 1803 996 litterarum

266 1035 389 1064 manu
426 1026 567 1064 missus
604 1027 815 1063 accusanlz'
850 1029 1029 1073 patrono
1066 1025 1310 1072 subscripsit.
1383 1026 1526 1063 deinde
1565 1026 1802 1064 rheloricam

262 1092 476 1142 professus
507 1094 576 1131 Cn.
602 1093 829 1141 Pompeium
851 1092 1045 1140 Magmwn
1079 1092 1211 1130 docuit
1234 1093 1445 1141 patrisque
1475 1095 1558 1131 eius
1578 1105 1642 1131 res
1667 1099 1804 1141 (jesias

267 1173 340 1200 nec
360 1162 489 1199 minus
510 1162 634 1210 ipsius
654 1160 926 1209 compluribus
946 1160 1058 1198 libris
1078 1162 1279 1208 exposuil,
1308 1161 1466 1209 primus
1486 1163 1659 1200 omnium
1687 1161 1802 1200 liber-

267 1232 458 1277 tinorum,
501 1234 544 1268 ut
575 1229 780 1267 Cornelius
811 1228 940 1276 Nepos
979 1229 1181 1277 opimam,
1225 1229 1401 1267 scribere
1437 1230 1644 1267 historiam
1675 1240 1800 1276 orsus,
1883 1221 1884 1232 ¹

266 1299 428 1336 nonnisi
456 1297 505 1335 ab
535 1297 808 1336 honestissimo
837 1306 988 1344 quoque
1025 1296 1150 1334 scribi
1175 1297 1334 1335 solitam
1366 1297 1423 1334 ad
1459 1297 1503 1335 icl
1539 1302 1701 1346 tempus.
1755 1309 1801 1335 ex

268 1377 344 1417 quo
376 1377 446 1404 sua
480 1365 695 1416 descripsit
725 1364 990 1414 Hieronymus
1023 1362 1084 1414 (ad
1127 1364 1177 1403 ol.
1214 1362 1314 1409 174,
1346 1362 1393 1408 4;
1435 1376 1468 1402 a.
1501 1377 1538 1402 u.
1571 1377 1605 1403 c.
1638 1362 1741 1410 6733
1781 1377 1800 1402 a

268 1434 358 1473 Chr.
392 1447 427 1473 n.
460 1431 549 1486 81),
592 1432 690 1472 salso
707 1430 734 1485 ¹)
768 1432 835 1471 Cn.
869 1431 1049 1483 Pompeii
1089 1431 1278 1470 libertum
1320 1444 1410 1471 cum
1449 1432 1573 1471 fuisse
1605 1432 1799 1471 adiciens:

278 1503 509 1541 Voltacilius
545 1502 682 1540 Plotus
720 1501 868 1540 lalinus
906 1500 1043 1538 rhetor
1083 1501 1152 1538 Cn.
1186 1500 1351 1549 Pompei
1390 1500 1556 1538 libertus
1592 1507 1629 1538 et
1666 1500 1803 1540 doctor

266 1570 440 1610 scholam
471 1570 623 1608 Romae
654 1570 825 1618 aperuit.
868 1567 961 1606 Fuit
991 1568 1115 1618 igitur
1138 1567 1268 1606 Sullae
1289 1568 1373 1606 sere
1397 1567 1586 1618 aequalis,
1619 1580 1710 1606 nam
1732 1567 1799 1607 Cn.

266 1637 482 1688 Pompeius
519 1641 636 1676 natus
682 1642 741 1676 cst
779 1649 813 1674 a.
850 1632 943 1674 106.
975 1632 1078 1679 648,
1127 1641 1243 1687 atque
1290 1648 1335 1673 cx
1381 1647 1516 1674 corum
1560 1637 1798 1687 scriptorum

269 1717 389 1756 grege
429 1706 553 1744 fuisse
594 1703 879 1743 existimandus
927 1709 1005 1748 est,
1054 1703 1120 1755 qui
1159 1702 1289 1753 Magni
1327 1715 1410 1746 res,
1457 1703 1585 1754 quoad
1624 1702 1797 1747 uiuebat‚

267 1773 309 1810 in
342 1772 427 1811 eins
456 1772 648 1811 honorem
689 1784 830 1822 magno
870 1783 959 1810 cum
999 1770 1130 1809 studio
1168 1776 1413 1809 enarrarent.
1475 1783 1589 1822 quam
1627 1770 1677 1810 ob
1715 1783 1800 1810 rem

268 1839 371 1891 quod
404 1840 487 1879 eius
518 1840 707 1878 memoria
740 1850 864 1889 paene
895 1844 974 1878 tota
1017 1838 1205 1889 deperiit,
1248 1838 1350 1877 haud
1382 1839 1435 1877 ita
1470 1837 1681 1877 dolendum
1713 1850 1798 1877 esse

267 1907 462 1947 uideatur.

381 1975 530 2014 Nomen
563 1980 693 2015 tamen
726 1975 793 2013 diu
824 1974 1012 2014 Otacilius
1042 1974 1197 2013 Pilutus
1228 1973 1492 2019 scribebatur,
1526 1975 1651 2014 donec
1683 1975 1723 2014 C.
1755 1974 1796 2013 L.

268 2043 369 2083 Roth
401 2049 560 2082 secutus
591 2043 839 2082 Perizonium
872 2054 943 2093 pro
975 2042 1143 2081 Otacilio
1174 2041 1421 2081 Voltacilium
1455 2055 1500 2081 ex
1532 2043 1686 2088 indice,
1726 2043 1795 2093 qui

269 2111 449 2150 Suetonii
481 2110 527 2149 de
559 2122 683 2161 gram.
717 2116 756 2149 ct
777 2110 878 2148 rhet.
903 2109 1005 2148 libro
1028 2110 1271 2160 praemissus
1302 2115 1379 2155 est,
1414 2115 1451 2148 et
1482 2123 1527 2148 ex
1550 2110 1792 2162 Hieronymo

268 2179 491 2224 substituit,
532 2191 603 2230 pro
635 2178 782 2223 Pilnto,
824 2189 923 2228 quac
964 2183 1022 2215 est
1059 2178 1256 2228 scriptura
1288 2177 1484 2216 librorum
1529 2191 1622 2217 mss.
1655 2177 1795 2216 Sueto-

269 2248 498 2290 manorum,
532 2245 818 2285 Reill'erscbeid
853 2258 896 2283 cx
931 2244 1172 2295 Hieronymo
1205 2243 1411 2294 Plotum.‘·')

360 2380 385 2420 ¹)
414 2382 610 2413 Mommsen
636 2381 806 2413 Ablmndl.
834 2381 865 2412 d.
892 2380 1001 2411 saclzs.
1030 2380 1210 2413 Gesellsclz.
1237 2382 1269 2412 (l.
1302 2380 1406 2414 Wiss.
1435 2381 1450 2412 Ι
1478 2381 1593 2422 (1850)
1620 2392 1653 2423 p.
1681 2382 1756 2413 675.

357 2437 386 2478 ²)
413 2438 483 2470 Hic
509 2437 661 2478 adposui
687 2436 858 2468 librorum
885 2446 967 2467 mss.
995 2436 1215 2468 uarietatem
1240 2447 1284 2468 cx
1310 2435 1593 2469 Reifferscheidi
1619 2437 1791 2469 editione:

268 2495 304 2525 in
329 2494 448 2525 indice
480 2505 513 2535 p.
541 2495 583 2525 99
615 2494 817 2525 Vola-acilius
848 2491 925 2526 eod.
953 2491 1127 2523 ottobon.
1158 2493 1349 2524 Voltcztilz‘us
1378 2493 1496 2525 Vatic.
1529 2493 1626 2526 1518.
1666 2495 1795 2525 Pilutus

267 2550 388 2582 Vatic.
422 2551 519 2583 1862.
561 2549 717 2582 Gudian.
746 2546 829 2590 pluc'
864 2548 989 2581 ottob.
1022 2548 1154 2579 Pilatus
1185 2549 1289 2581 Leid.
1322 2567 1365 2571 —-
1394 2550 1431 2581 in
1464 2553 1636 2581 contextu
1668 2560 1701 2591 p.
1731 2551 1794 2580 124

270 2606 442 2639 Olcacilius
466 2605 587 2639 Vatic.
614 2606 701 2638 1862
727 2604 853 2636 ottob.
898 2603 1077 2636 Octacz'lius
1109 2606 1223 2647 Neap.
1257 2605 1350 2637 Gud.
1383 2607 1467 2638 Vat.
1495 2608 1592 2638 1518.
1634 2605 1793 2637 Otacilius

266 2663 370 2695 Leid.
401 2664 574 2695 Vulcacius
601 2662 678 2694 cod.
697 2662 847 2693 Hieron.
868 2660 906 2691 B.
938 2660 1140 2692 Vale-acilius
1162 2662 1239 2693 cod.
1258 2662 1407 2694 Hieron.
1426 2663 1463 2696 P.
1485 2684 1525 2687 -
1554 2663 1682 2693 Pilutus
1708 2661 1792 2693 libri

268 2718 368 2751 Suet.
