1884 3213
514 173 562 204 M.
588 171 753 204 PORCII
780 170 984 204 CATONIS
1010 171 1241 204 ORIGINES
1586 170 1640 211 85

119 286 222 338 quod
262 286 363 325 bene
404 288 535 325 fucere
575 287 750 325 uoluisse
782 286 871 337 quis
910 285 1008 324 dicit
1038 298 1167 336 neque
1206 286 1301 324 fecit
1341 290 1492 331 lanicii,
1532 286 1636 324 Rho-

119 353 325 393 diensibus
358 354 509 399 oberit,
543 354 650 405 quod
682 365 761 392 non
792 352 894 391 male
926 354 1108 391 fecerunt
1140 353 1207 391 sed
1240 354 1331 403 quia
1370 353 1546 391 uoluisse
1579 353 1636 391 ‹li-

118 426 264 460 cuntur
295 422 453 460 facere?
484 444 540 448 —

225 500 266 537 (J.
327 488 568 527 Rhodiensis
613 488 809 540 superbos
847 501 932 526 esse
972 489 1103 532 aiunt,
1144 487 1182 526 id
1223 487 1492 532 obiectantes,
1533 488 1637 539 quod

75 572 91 598 5
117 555 215 594 milii
262 560 300 593 et
339 555 480 594 liberis
520 557 620 595 meis
660 557 824 595 minime
870 555 951 594 «liei
999 555 1132 593 uelim.
1194 557 1273 594 sint
1316 568 1410 594 sane
1457 555 1634 606 superbi.

117 623 212 673 quid
244 623 282 661 id
314 623 362 661 ad
400 635 472 662 uos
511 625 677 662 attinet?
738 623 830 662 idne
863 624 1106 666 irascimini,
1141 624 1174 661 si
1207 624 1297 673 quis
1330 623 1544 673 superbior
1577 628 1635 661 est

115 702 232 741 quam
270 703 353 729 uos.

227 755 302 797 96.
343 759 441 796 Gell.
473 758 540 796 XI
574 756 621 803 3,
662 756 689 796 2
727 757 915 796 Videbam
947 780 1002 784 —
1039 758 1087 796 M.
1129 758 1316 796 Catonem
1356 759 1396 796 in
1435 758 1636 807 originum

116 829 255 876 quarto
286 848 341 852 —-
371 826 579 876 scripsisse
611 830 648 864 et
680 826 774 863 item
808 826 847 863 in
879 825 1038 876 quinto:
1082 824 1207 863 Vrbes
1246 825 1475 876 insulasque
1507 827 1637 863 omnis

67 909 98 934 10
117 905 189 943 pro
222 904 316 942 agro
348 893 483 943 Illyrio
514 904 613 931 esse.

227 957 300 1000 97.
335 960 439 998 Non.
471 972 503 998 s.
533 972 571 999 u.
596 960 867 1009 pisculentum
890 971 937 1009 p.
973 957 1046 998 151
1090 960 1182 999 Cato
1215 960 1414 1010 originum
1448 959 1552 998 libro
1585 959 1634 996 V:

114 1027 300 1066 Fluuium
332 1027 529 1066 Naronem
562 1038 749 1077 magnum
780 1027 992 1077 pulchrum
1024 1027 1308 1078 pisculentum.

202 1194 238 1226 g.
291 1184 414 1216 Gellius
445 1184 528 1215 haee
559 1185 600 1215 de
632 1188 703 1215 tota
734 1184 887 1216 oratione
924 1185 1068 1217 iudicat:
1105 1185 1305 1215 Praeterea
1343 1183 1636 1216 animaduertere

114 1232 182 1269 est,
210 1230 246 1260 in
273 1231 350 1260 tota
375 1230 446 1260 ista
462 1229 614 1260 Catonis
632 1229 796 1261 oratione
816 1229 934 1261 omnia
952 1228 1224 1271 disciplinarum
1250 1228 1512 1261 rhetoricarum
1538 1240 1637 1261 arma

115 1277 225 1316 atque
244 1273 407 1306 subsidia
425 1277 523 1306 mota
543 1283 640 1313 esse3
669 1274 734 1305 sed
753 1284 823 1306 non
842 1274 1005 1315 proinde,
1033 1278 1073 1305 ut
1097 1274 1134 1305 in
1160 1273 1373 1305 decursibus
1394 1273 1545 1305 ludicris
1572 1277 1637 1306 aut

114 1319 322 1351 simulacris
347 1319 567 1361 proeliorum
590 1318 809 1360 uoluptariis
835 1319 913 1351 fieri
938 1319 1125 1360 uidemus,
1151 1329 1241 1359 non,
1268 1320 1433 1360 inquam,
1461 1319 1636 1351 distinete

114 1364 220 1395 nimis
247 1367 356 1406 atque
383 1367 523 1406 compte
551 1367 659 1405 atque
686 1364 868 1396 modulate
896 1375 954 1396 res
981 1367 1069 1396 aeta
1094 1366 1168 1404 est,
1195 1363 1258 1396 sed
1284 1365 1390 1405 quasi
1417 1364 1453 1394 in
1480 1364 1637 1406 ancipiti

116 1410 328 1449 certamine,
355 1419 434 1441 eum
453 1419 583 1451 sparsa
609 1410 709 1440 acies
730 1412 796 1449 est,
823 1409 946 1440 multis
971 1409 1062 1441 loeis
1079 1408 1198 1440 Marte
1224 1409 1326 1441 uario
1354 1411 1556 1450 pugnatur:
1583 1411 1636 1441 sie

114 1455 151 1486 in
182 1454 253 1485 ista
284 1457 357 1485 tum
391 1465 503 1486 causa
535 1453 647 1493 Cato,
681 1464 759 1486 eum
791 1454 965 1496 superbia
1004 1454 1068 1486 illa
1098 1454 1361 1486 Rhodiensium
1393 1453 1636 1485 famosissima

114 1498 307 1531 multorum
332 1498 413 1531 odio
447 1502 554 1541 atque
586 1499 726 1531 inuidia
750 1500 943 1541 flagraret,
977 1499 1143 1531 omnibus
1168 1499 1345 1541 promisee
1372 1498 1501 1530 tuendi
1527 1502 1636 1539 atque

115 1544 368 1586 propugnandi
404 1544 521 1576 modis
556 1554 643 1575 usus
677 1547 733 1576 est
767 1548 803 1576 et
838 1554 932 1576 nune
962 1547 1002 1575 ut
1039 1545 1175 1586 optime
1212 1544 1359 1576 meritos
1398 1543 1634 1584 commendat,

114 1599 224 1629 nunc,
258 1592 444 1630 tamquam
477 1590 507 1622 si
532 1591 743 1622 innocentes
774 1593 926 1631 purgat,
958 1600 1004 1621 ne
1037 1589 1132 1622 bona
1165 1589 1394 1631 diuitiaeque
1428 1599 1550 1621 eorum
1577 1599 1636 1620 ex-

114 1637 298 1676 petantur,
325 1635 511 1677 obiurgat‚
544 1645 640 1666 nune
668 1637 704 1666 et
730 1636 835 1675 quasi
860 1635 908 1666 sit
933 1637 1093 1667 erratum
1119 1634 1355 1676 depreeatur,
1389 1644 1484 1665 nune
1509 1637 1550 1666 ut
1574 1645 1636 1665 ne-

115 1680 295 1711 cessarios
326 1680 377 1710 rei
407 1679 576 1721 publicae
608 1682 789 1721 ostentat,
826 1690 923 1711 nunc
955 1679 1191 1720 clementiae,
1224 1690 1320 1711 nune
1345 1679 1635 1710 mansuetudinis

113 1725 300 1764 maiorum,
326 1735 421 1756 nune
445 1724 618 1756 utilitatis
644 1725 815 1766 publicae
842 1725 1135 1760 commonefacit.
1184 1725 1310 1766 anue
1338 1724 1457 1756 omnia
1484 1724 1634 1756 distine-

114 1770 188 1801 tius
219 1770 514 1811 numerosiusque
560 1769 770 1802 fortassean
813 1769 885 1802 dici
922 1771 1123 1812 potuerint,
1163 1769 1293 1801 fortius
1331 1773 1440 1811 atque
1473 1768 1635 1801 uiuidius

116 1814 280 1856 potuisse
306 1814 379 1846 diei
404 1825 476 1847 non
501 1814 683 1846 uidentur.

206 1857 274 1892 96.
312 1859 473 1892 Fortasse
497 1860 712 1900 referendum
736 1864 786 1891 est
810 1861 857 1892 ad
885 1871 918 1894 a.
948 1861 1022 1891 167.
1049 1861 1131 1899 587,
1164 1870 1227 1901 quo
1258 1864 1395 1891 senalus
1424 1861 1633 1901 populusque

115 1905 280 1936 Romanus
305 1904 445 1947 Illyrios
469 1905 593 1937 liberos
618 1915 690 1937 esse
714 1905 811 1937 iussit
837 1903 928 1946 (Liu.
955 1905 1140 1936 XXXXV
1160 1906 1214 1945 26,
1242 1905 1309 1944 12).

229 2076 266 2112 2.
306 2075 432 2112 [aberit
471 2076 528 2124 qd·
561 2087 632 2112 non
676 2078 706 2112 V
762 2077 853 2112 tabit
890 2076 985 2124 quod
1017 2088 1089 2112 non
1122 2076 1155 2112 R
1216 2074 1233 2081 ”
1265 2076 1378 2111 aberit
1410 2075 1445 2122 (fi
1476 2088 1521 2111 m.
1556 2086 1632 2112 sec.

116 2136 154 2169 iu
184 2135 363 2169 lacunam
392 2131 565 2179 inseruit)
598 2132 659 2180 qd’
702 2131 722 2167 ἦ
750 2133 785 2168 Ρ
905 2133 994 2168 male
1026 2132 1095 2168 erit
1117 2133 1319 2179 Scioppius
1378 2132 1493 2168 oberit
1522 2133 1631 2167 Lam-

117 2190 246 2225 becius
276 2199 366 2224 noxa
404 2190 472 2224 erit
501 2190 583 2225 Iac.
618 2190 833 2226 Gronouius
891 2200 963 2225 non
994 2188 1121 2224 abierit
1150 2190 1274 2225 Hertz
1332 2188 1365 2223 id
1404 2188 1520 2224 oberit
1549 2189 1631 2224 Ior-

116 2247 205 2291 (lau,
239 2255 305 2292 690
337 2247 503 2292 cogitaui
531 2246 576 2280 de
606 2245 719 2281 fraudi
742 2246 822 2281 erit.
884 2232 1092 2281 maleseeeit
1121 2245 1156 2282 P
1282 2245 1319 2281 3.
1351 2244 1466 2280 faeere
1498 2257 1565 2280 om.
1598 2245 1632 2280 R

120 2303 232 2344 (leste
262 2302 439 2344 Jordan.)

226 2367 274 2403 (s,
307 2357 345 2394 5.
378 2353 431 2405 et]
465 2368 484 2392 e
513 2357 548 2392 P
576 2368 594 2392 a
624 2356 675 2395 H.
701 2357 919 2404 Stephanus
1034 2357 1101 2393 diei
1132 2358 1234 2394 deest
1266 2360 1303 2392 in
1336 2357 1369 2392 P
1396 2358 1540 2393 lacuna
1573 2367 1631 2392 re-

115 2416 206 2450 licta
321 2413 462 2448 minime
499 2413 605 2448 uelim
643 2414 868 2450 Lambecius
905 2413 995 2449 obici
1026 2414 1171 2450 Jordan
1213 2414 1354 2448 minime
1394 2412 1483 2448 obici
1523 2412 1631 2447 nolim

117 2471 168 2505 H.
202 2469 359 2515 Sauppe
392 2469 589 2512 (Tulliana
621 2472 657 2505 iu
689 2471 762 2505 incl.
794 2472 882 2506 leel.
916 2470 1075 2518 Gollz'ny.
1108 2471 1180 2506 kib.
1215 2482 1251 2505 a.
1287 2469 1393 2505 1867
1423 2480 1460 2515 p.
1497 2467 1561 2513 15)

119 2526 155 2562 6.
191 2522 293 2574 quid]
323 2522 380 2572 qd'
402 2525 436 2560 P
548 2536 614 2560 nos
645 2526 734 2561 libri
753 2536 822 2562 em.
855 2527 1045 2574 Waqener
1159 2526 1325 2573 superior
1355 2524 1388 2559 R
1507 2524 1542 2559 7.
1566 2535 1630 2559 nos

117 2582 206 2617 libri
234 2582 376 2617 emend.
421 2580 611 2628 Wayener

230 2632 313 2685 96,
345 2636 382 2673 9.
413 2637 449 2672 in
481 2633 628 2686 quinto]
662 2638 697 2672 in
727 2643 768 2674 ut
797 2650 827 2685 φ
886 2639 922 2674 in
953 2639 1082 2686 quinq3
1120 2650 1143 2672 a
1288 2647 1410 2672 omnes
1440 2647 1506 2683 pro
1537 2647 1630 2684 pago

1342 2704 1361 2727 e

117 2737 167 2773 ill.
187 2749 210 2773 a
330 2737 391 2775 10.
415 2748 520 2785 aijgro
552 2737 660 2773 illirio
687 2736 710 2774 ὃ
733 2735 773 2774 (ἴε
804 2739 838 2774 R
898 2739 1003 2774 illirio
1032 2734 1055 2773 (Ξ
1083 2735 1127 2773 e“e
1155 2738 1189 2773 R
1251 2737 1366 2784 illyrio
1389 2748 1419 2782 φ
1477 2736 1583 2772 illirio
1604 2748 1630 2783 ρ

231 2787 313 2841 97,
347 2793 408 2829 12.
441 2797 531 2829 ante
562 2792 726 2830 Fluuium
757 2795 846 2830 libri
875 2795 1014 2842 origine
1045 2795 1200 2831 addunt.
1233 2794 1303 2829 del.
1335 2792 1500 2830 Mercer.

119 2859 288 2898 peronem
318 2861 484 2898 magnoni
525 2844 592 2885 W²
