1884 3213
449 200 490 239 Q.
519 195 717 231 CLAVDII
744 196 1065 237 QVADRIGARH
1091 195 1314 229 ANNALES
1559 193 1641 235 209

118 314 250 364 coepit
281 318 398 363 atque
431 313 607 361 linguam
641 317 834 350 exerrare.
878 312 918 350 ld
951 311 1084 350 subito
1118 311 1356 362 perdolitum
1391 317 1449 349 est
1481 310 1637 349 cuidam

117 381 204 418 Tito
235 380 402 424 Manlio,
444 393 597 417 sunnno
629 392 776 429 genere
807 386 939 430 gnato,
975 385 1125 418 tantum
1158 381 1352 429 flagitium
1385 380 1539 417 ciuitati
1572 378 1638 415 ad-

117 448 263 490 6111616,
297 461 317 486 6
352 452 459 485 tanto
492 450 670 485 exercitu
705 450 904 486 neminem
938 448 1114 499 prodire.
1158 449 1202 489 is,
1237 452 1279 484 ut
1310 447 1411 491 dico,
1446 447 1634 497 processit

118 527 245 566 neque
284 528 424 566 passus
456 521 515 552 est
557 517 744 553 uirtutem
776 516 991 554 Romanam
1024 515 1072 553 ab
1105 515 1215 553 Gallo
1257 516 1428 565 turpiter
1462 514 1639 565 spoliari.

74 588 231 633 &scuto
270 582 445 633 pedestri
478 589 515 621 et
554 584 684 633 gladio
724 583 938 633 Hispanico
978 585 1133 621 cinctus
1174 587 1311 621 contra
1351 582 1507 620 Gallum
1547 594 1640 620 cona

117 652 232 688 stitit.
294 649 400 687 Metu
432 663 573 699 magno
606 663 648 689 ca
673 653 903 700 congressio
937 652 974 688 in
1009 652 1094 701 ipso
1124 652 1235 700 ponti
1268 655 1438 700 utroque
1462 650 1641 687 exercitu

120 719 366 768 inspectante
407 719 508 756 sacta
550 724 621 756 est.
684 720 758 763 ita,
801 723 842 755 111
889 724 977 756 31116
1019 718 1120 761 dixi,
1171 720 1457 756 constiterunt:
1508 717 1643 754 Gallus

118 798 189 824 sua
220 785 431 836 disciplina
475 790 588 823 scuto
621 787 800 835 proiecto
833 785 1158 828 cunctabundus,
1198 785 1368 823 Manlius
1400 786 1531 823 animo
1564 797 1643 821 ma-

118 854 179 902 gis
217 865 332 903 quam
374 858 457 891 arte
497 854 691 893 conlisus,
740 859 852 890 scuto
893 857 1049 891 scutum
1097 854 1296 903 percussit
1334 858 1451 902 atque
1498 857 1643 889 statum

120 1009 185 1041 bili
216 1020 389 1052 pugnam;
428 1014 605 1041 armatum
635 1010 923 1051 adornatumque
960 1010 1133 1041 aduersus
1169 1009 1310 1041 Gallum
1344 1009 1477 1040 stolide
1509 1009 1644 1040 laetum

121 1059 156 1086 et
181 1073 223 1077 —
250 1056 421 1096 quoniam
453 1055 489 1086 id
515 1066 654 1097 quoque
687 1057 859 1087 memoria
892 1056 1038 1097 dignum
1070 1055 1230 1096 antiquis
1264 1057 1381 1086 nisum
1415 1058 1468 1086 est
1492 1072 1536 1076 —
1562 1054 1645 1085 lin-

121 1111 245 1141 guam
272 1102 407 1131 ctiam
433 1101 483 1131 ab
518 1101 661 1132 inrisu
695 1105 986 1132 exserentem
1019 1101 1236 1141 producunt.
1285 1100 1467 1141 recipiunt
1498 1100 1580 1130 inde
1607 1110 1644 1129 se

121 1146 165 1176 ad
192 1147 399 1185 stationem⁷
425 1149 460 1176 et
488 1145 557 1176 duo
583 1147 619 1176 in
645 1146 762 1177 medio
788 1147 919 1177 armati
945 1146 1149 1186 spectaculi
1175 1145 1289 1185 magis
1309 1155 1405 1176 more
1432 1155 1537 1185 quam
1562 1145 1644 1185 lege

120 1189 208 1221 belli
235 1191 496 1230 destituuntur,
524 1201 752 1232 nequaquam
777 1192 857 1223 uisu
884 1201 926 1222 ac
953 1191 1075 1231 specie
1102 1191 1379 1222 aestimantibus
1407 1200 1525 1230 pares.
1569 1200 1643 1220 cor—

120 1245 186 1277 pus
213 1235 320 1266 alteri
346 1235 595 1276 magnitudine
616 1237 797 1277 eximium,
825 1236 1037 1267 uersicolori
1056 1238 1159 1266 ueste
1188 1236 1368 1276 pictisque
1390 1239 1425 1265 et
1449 1245 1537 1266 auro
1564 1246 1645 1265 cae-

121 1282 209 1312 latis
242 1280 430 1322 refulgens
463 1282 585 1312 armis:
623 1282 742 1312 media
773 1283 810 1312 in
844 1282 960 1312 altero
993 1281 1158 1312 militaris
1190 1284 1334 1311 statura
1366 1280 1582 1321 modicaque
1609 1281 1644 1310 in

122 1326 229 1357 armis
255 1326 440 1357 habilibus
466 1327 582 1367 magis
609 1336 715 1367 quam
741 1326 882 1358 decoris
910 1327 1064 1366 species.
1114 1336 1184 1356 non
1205 1330 1344 1364 cantus,
1373 1335 1443 1357 non
1470 1325 1646 1356 exultatio

122 1381 371 1412 armorumque
403 1371 559 1412 agitatio
591 1382 705 1410 uana,
741 1371 805 1403 sed
833 1374 962 1412 pectus
996 1371 1195 1402 animorum
1229 1371 1378 1412 iraeque
1405 1371 1542 1401 tacitae
1568 1371 1645 1411 ple-

122 1426 205 1447 num
236 1427 375 1447 omnem
412 1416 584 1448 ferociam
622 1417 659 1447 in
692 1417 886 1448 discrimen
925 1417 1041 1457 ipsum
1081 1416 1292 1447 certaminis
1329 1415 1536 1447 distulerat.
1584 1415 1645 1446 ubi

122 1463 321 1493 constitere
354 1459 451 1493 inter
489 1461 577 1494 duas
611 1462 711 1494 acies
748 1465 801 1493 tot
835 1463 935 1492 circa
972 1461 1176 1492 mortalium
1217 1461 1347 1491 animis
1380 1471 1442 1501 spe
1476 1464 1645 1501 metuque

122 1506 377 1548 pendentibus,
412 1506 541 1538 Gallus
566 1507 670 1538 uelut
694 1507 807 1538 moles
835 1517 990 1548 superne
1016 1506 1193 1537 inminens
1225 1507 1384 1547 proiecto
1412 1506 1516 1536 laeua
1543 1508 1645 1536 scuto

124 1553 159 1582 in
191 1551 424 1583 aduenientis
455 1562 555 1583 arma
587 1552 702 1584 hostis
736 1562 869 1584 uanum
908 1552 1040 1583 caesim
1073 1561 1151 1582 cum
1189 1551 1331 1592 ingenti
1363 1552 1487 1582 sonitu
1524 1560 1644 1581 ensem

123 1597 278 1628 deiecit:
305 1597 491 1628 Romanus
518 1607 686 1629 mucrone
713 1597 899 1636 subrecto,
935 1608 1025 1628 cum
1053 1599 1180 1627 scuto
1208 1600 1377 1627 scutum
1411 1596 1519 1626 imum
1546 1606 1645 1636 per-

124 1641 321 1673 culisset
352 1645 501 1684 totoque
536 1653 686 1684 corpore
718 1642 872 1673 interior
899 1641 1058 1683 periculo
1091 1641 1252 1672 uulneris
1278 1641 1396 1672 factus
1424 1641 1645 1672 insinuasset

124 1698 163 1719 se
188 1687 284 1718 inter
310 1696 438 1728 corpus
465 1698 647 1728 armaque,
673 1697 743 1718 uno
771 1687 959 1728 alteroque
987 1686 1140 1717 subinde
1167 1686 1245 1717 ictu
1269 1689 1433 1717 uentrem
1459 1689 1568 1727 atque
1597 1687 1646 1716 in-

125 1732 237 1773 guina
261 1732 418 1763 hausit
445 1737 482 1763 et
506 1733 544 1763 in
571 1733 729 1773 spatium
756 1732 886 1774 ingens
913 1735 1075 1763 ruentem
1103 1731 1263 1772 porrexit
1289 1731 1438 1762 hostem.
1487 1731 1647 1762 iacentis

125 1777 207 1808 inde
246 1787 377 1818 corpus
416 1778 459 1808 ab
496 1778 591 1808 omni
626 1778 698 1808 alia
735 1778 931 1808 uexatione
971 1777 1150 1807 intactum
1188 1786 1258 1806 uno
1291 1779 1420 1816 torque
1459 1775 1646 1817 spoliauit,

127 1832 250 1864 quem
277 1832 529 1863 respersum
557 1821 714 1854 cruore
742 1822 863 1853 collo
890 1821 1191 1853 circumdedit
1217 1832 1304 1852 suo.
1339 1820 1514 1852 defixerat
1533 1831 1647 1862 pauor

126 1877 205 1898 cum
232 1867 472 1897 admiratione
499 1867 635 1904 Gallos,
662 1868 817 1898 Romani
844 1867 984 1898 alacres
1011 1867 1054 1897 ab
1087 1867 1248 1897 statione
1275 1866 1421 1897 obuiam
1448 1866 1554 1896 militi
1582 1876 1646 1896 suo

125 1913 320 1953 progressi,
359 1912 587 1952 gratulantes
627 1912 896 1953 laudantesque
939 1912 983 1943 ad
1025 1912 1241 1943 dictatorcm
1284 1911 1496 1953 perducunt.
1556 1912 1648 1941 inter

126 1957 323 1988 carminum
352 1968 463 1998 prope
497 1958 637 1988 modum
671 1958 862 1988 incondita
889 1957 1069 1998 quaedam
1100 1956 1310 1988 militariter
1333 1955 1535 1988 ioculantes
1562 1957 1648 1987 Tor-

126 2002 226 2044 quati
252 2012 452 2044 cognomen
479 2003 653 2042 auditum,
682 2003 906 2034 celebratum
932 2002 1063 2033 deinde
1090 2002 1248 2043 posteris
1274 2002 1385 2032 etiam
1412 2001 1646 2041 familiaeque

269 2153 305 2188 1.
352 2154 447 2200 691111
492 2153 637 2200 LByp
810 2152 966 2200 linguam
1012 2157 1174 2187 exertarc
1215 2151 1249 2186 R
1316 2150 1437 2197 lingua
1485 2159 1646 2184 exerrare

127 2208 386 2255 LBmpyaqp
529 2205 670 2258 subito]
704 2212 773 2245 uiae
803 2219 952 2245 sanum.
986 2220 1035 2243 an
1068 2206 1358 2242 excubitori?
1399 2207 1462 2241 uid
1490 2206 1572 2241 Liu.
1606 2216 1645 2239 ex

127 2265 335 2300 statione
367 2264 408 2299 ad
440 2264 650 2301 dictatorem
682 2266 813 2313 pergit.
957 2264 991 2299 id
1025 2276 1093 2299 om.
1128 2264 1163 2298 R
1306 2261 1527 2309 perdolatum
1557 2273 1584 2307 p

82 2345 84 2350 ν
129 2321 164 2357 2.
197 2325 281 2356 11310
313 2333 342 2366 φ
374 2320 452 2366 (fin.
485 2332 501 2355 r
533 2319 649 2369 eras.)
712 2327 821 2369 gnato
853 2321 975 2356 Hert:
1010 2332 1092 2356 cum
1126 2320 1278 2365 Bme
1406 2318 1581 2365 flagicium
1612 2316 1647 2351 R

241 2376 278 2412 2.
311 2377 349 2414 3.
382 2376 545 2412 adcidere
576 2378 699 2413 Hertz
732 2389 815 2413 cum
846 2390 880 2412 m
939 2376 1106 2413 accedere
1139 2376 1167 2410 L
1227 2374 1384 2410 accidere
1416 2377 1534 2409 celere·
1561 2375 1651 2410 libri

126 2433 266 2469 Hertzi
322 2433 492 2468 accid’ere
525 2439 631 2480 731116
653 2435 811 2469 exercitii
841 2434 876 2469 R
1050 2432 1084 2468 3.
1118 2443 1136 2467 6
1160 2437 1259 2466 tanto
1284 2443 1353 2467 om.
1381 2430 1416 2464 B
1481 2436 1588 2476 731116
1619 2430 1648 2462 L

241 2487 373 2537 11665511
404 2501 427 2524 α
544 2489 581 2525 5.
612 2502 634 2526 >lc
654 2490 799 2537 spanico
833 2490 861 2535 (s
885 2487 998 2537 eras.)
1031 2490 1061 2524 L
1121 2488 1264 2535 spanieo
1304 2488 1333 2521 7ss
1393 2486 1530 2533 hispani
1562 2498 1647 2521 con-

134 2546 272 2581 cinctus
295 2558 324 2592 φ
384 2545 517 2592 spanici
539 2541 591 2581 R¹
643 2546 815 2593 hispanici
836 2542 888 2581 ΕΙ
950 2545 1131 2592 *ispanico
1155 2542 1189 2590 (11
1213 2541 1327 2587 eras.)
1350 2556 1372 2589 y
1471 2543 1506 2578 G.
1532 2538 1646 2590 metu]

131 2607 212 2643 aut,
235 2604 269 2638 εἰ
288 2603 433 2638 Liuium
456 2604 640 2648 sequeris,
665 2604 748 2647 spei
776 2605 876 2638 nolio
899 2608 953 2638 est
976 2602 1171 2637 addenda.-
1203 2600 1271 2646 Spe
1304 2604 1473 2645 metuque
1504 2609 1648 2646 magno,

131 2663 198 2694 aut
235 2659 499 2694 scribendum.-
538 2658 673 2705 impetu
710 2669 852 2705 magno.
1006 2657 1105 2704 ponti
1139 2656 1260 2691 Hert:
1293 2666 1375 2690 eum
1407 2654 1482 2689 LB
1539 2659 1649 2702 ponte

133 2717 252 2750 ceteri
289 2717 368 2750 eius
399 2715 485 2750 libri
524 2719 558 2749 et
589 2715 689 2761 uuly.
836 2714 870 2750 7.
903 2718 1113 2761 expectante
1144 2724 1174 2758 φ
1318 2716 1372 2745 651
1404 2715 1443 2744 111
1473 2712 1520 2745 113
1552 2716 1650 2745 31116·

133 2769 202 2805 dixi
233 2771 263 2806 L
378 2772 414 2807 8.
455 2769 725 2805 cunctabundus
764 2770 887 2806 Hertz
927 2781 1009 2805 cnm
1039 2781 1065 2815 p
1125 2766 1368 2803 cantalmndus
1409 2770 1529 2803 celeri
1564 2767 1652 2802 libri

133 2831 168 2860 el
206 2827 308 2872 uuly.
482 2828 518 2861 9.
560 2831 663 2861 scuto
702 2832 842 2861 scutum
875 2827 997 2862 Hert:
1029 2834 1112 2860 cum
1149 2824 1306 2859 RLBm
1366 2828 1506 2857 sculum
1546 2829 1649 2857 scuto

134 2885 253 2918 cetere·
280 2884 369 2918 libri
398 2887 433 2918 et
463 2884 565 2928 wclq.
681 2883 801 2917 51311111
832 2883 862 2917 L

200 2951 314 2981 Pmmz,
337 2951 414 2976 Uist.
434 2952 519 2976 Rom.
540 2950 605 2976 rell.
642 2951 665 2976 1.
1274 2943 1377 2975 XIlll
