1884 3213
457 189 497 229 Q.
524 190 764 223 CLAVDIVS
793 191 1153 231 QVADRIGNJIVS
1466 200 1568 230 (3001

44 311 167 344 tatum
201 317 286 344 esse
319 310 494 349 constat,
536 305 638 343 haud
682 305 899 356 ignobilem
940 306 1177 356 scriptorem
1218 306 1340 343 fuisse
1382 306 1493 344 nouit
1524 318 1569 344 ex

43 373 176 416 Liuio,
210 378 252 411 ut
284 367 382 410 τινὰ
415 373 559 411 addere
593 385 933 424 superuacaneum
958 378 1080 416 esset;
1115 372 1286 423 denique
1320 385 1367 410 116
1402 372 1439 410 id
1473 373 1570 412 dixit

43 440 203 491 quidem
235 440 471 478 Plutarchus
505 440 684 479 Clodium
718 453 832 478 suum
866 452 1091 490 regressum
1126 453 1202 478 non
1238 452 1322 478 esse
1355 440 1458 478 ultra
1491 441 1569 479 cla-

43 508 130 546 dem
169 508 377 552 Gallicam,
421 508 488 546 sed
522 510 724 546 inuectum
758 520 846 545 eum
879 521 963 546 esse
998 509 1037 546 in
1074 507 1189 545 tidem
1223 514 1569 547 monumentorum

43 577 434 626 antiquissimorum,
476 581 592 627 atque
632 581 699 613 aut
730 580 835 613 totus
868 575 985 614 fallor
1024 580 1088 613 aut
1122 588 1165 613 ea
1199 576 1281 625 ipsa
1314 575 1568 620 Plutarchus,

43 656 140 694 quae
172 643 247 681 hoc
280 645 410 694 primo
442 645 570 694 capite
603 643 798 694 disputat,
842 648 881 680 ut
915 644 1060 681 refutet
1092 642 1292 691 uulgatam
1325 645 1569 694 opinionem,

42 723 115 762 qua
139 710 378 750 credebatur
400 711 643 761 Pythagorae
676 711 832 749 auditor
855 712 978 749 fuisse
996 710 1133 755 Numa,
1158 712 1327 761 sumpsit
1348 723 1394 749 cx
1418 712 1568 751 Clodio.

41 780 129 817 sons
160 784 266 817 certe
291 781 376 817 eius
397 780 504 817 uitae
527 779 741 829 primarius
764 778 862 816 hanc
887 779 1116 829 opinionem
1140 783 1301 816 secutus
1323 784 1419 824 erat,
1453 792 1570 830 quam

42 847 160 884 etiam
182 846 421 885 Plutarchus
453 847 649 884 inmemor
682 845 964 889 dubitationis,
998 858 1114 897 quam
1148 846 1265 884 initio
1296 847 1401 884 uitae
1433 859 1568 885 moue-

42 919 123 958 rat,
159 919 295 965 postea
330 915 368 952 in
392 915 585 952 orationis
606 919 786 952 tenorem
812 914 976 964 recepit.
1019 915 1069 952 cs.
1096 913 1142 952 de
1165 913 1266 951 Plut.
1292 914 1388 952 font.
1413 927 1450 965 p.
1475 912 1567 953 163.

43 982 139 1020 adde
171 982 274 1032 quod
308 983 341 1020 si
373 982 535 1020 Clodius
566 981 773 1020 Plutarchi
805 986 843 1019 et
875 981 1063 1020 Claudius
1094 981 1263 1032 Appiani
1303 981 1431 1020 eidem
1463 988 1566 1027 sunt,

41 1050 134 1088 huic
157 1050 294 1088 Clodio
326 1061 570 1100 praenomen
601 1050 676 1088 suit
699 1049 809 1087 Pauli
834 1048 928 1097 (uid.
953 1048 1092 1100 infra),
1127 1049 1391 1098 Quadrigario
1414 1050 1566 1096 Quinti.

153 1116 330 1168 Denique
362 1116 475 1154 multi
508 1118 586 1154 uiri
626 1116 731 1155 docti
771 1115 1003 1155 laborarunt
1044 1118 1081 1155 in
1115 1112 1284 1167 Παύλῳ
1322 1119 1482 1156 1101111116
1516 1116 1567 1167 (4)

41 1183 244 1223 mutando.
307 1184 662 1234 Schweighaeuser
702 1185 807 1222 enim
847 1184 1007 1234 scripsit
1040 1182 1214 1236 Κοΐντῳ
1249 1184 1312 1222 1161
1344 1182 1567 1235 Κουαδρι-

40 1252 179 1305 γαρίῳ
213 1250 277 1300 (cf.
312 1253 398 1290 eius
429 1256 629 1290 conment.
662 1264 700 1303 p.
727 1249 840 1302 172),
873 1251 1099 1290 Lachmann
1134 1251 1193 1302 (de
1222 1252 1248 1290 f.
1272 1251 1314 1289 L.
1338 1251 1353 1289 I
1375 1264 1412 1303 p.
1436 1250 1489 1290 36
1513 1254 1565 1304 11.)

40 1318 254 1373 Πουβλίῳ
287 1320 350 1357 uel
383 1317 592 1371 Ποπλίῳ,
624 1319 861 1357 Hullemann
895 1316 957 1368 (de
988 1319 1114 1357 Paulo
1146 1321 1215 1366 qul
1237 1318 1377 1365 ferlur
1399 1321 1567 1359 Claudio

40 1401 77 1438 p.
110 1385 149 1439 4)
184 1385 449 1438 Πωλίωνμῑ)
491 1386 559 1424 sed
592 1386 962 1436 Schweighaeuseri
1003 1387 1275 1425 coniecturam
1311 1388 1447 1426 falsam
1481 1401 1566 1427 esse

41 1468 87 1494 ex
119 1457 177 1493 eis
208 1467 306 1506 quae
339 1466 459 1505 supra
490 1454 753 1492 disseruimus
785 1453 1012 1505 adparebit,
1050 1458 1088 1492 et
1119 1466 1218 1505 quae
1251 1454 1322 1492 hos
1353 1468 1469 1494 causa
1500 1456 1566 1494 ad-

40 1523 151 1561 duxit
183 1528 225 1560 ut
255 1522 369 1560 Pauli
400 1534 545 1560 nomen
576 1526 852 1565 remouerent,
886 1522 993 1560 nulla
1026 1526 1104 1565 est,
1147 1534 1235 1560 cum
1269 1523 1388 1560 etiam
1421 1522 1566 1561 Paulus

40 1602 281 1641 praenomen
313 1590 434 1628 suerit
465 1589 567 1640 apud
598 1589 815 1633 Romanos,
849 1602 1085 1640 quamquam
1118 1602 1196 1627 non
1229 1591 1269 1627 in
1301 1591 1471 1628 usitatis.
1525 1597 1568 1630 ut

40 1659 217 1696 occurrit
250 1657 366 1695 nohis
399 1658 438 1695 in
470 1657 634 1695 denario
666 1657 811 1695 Paulus
842 1657 1016 1707 Lepidus
1047 1656 1146 1695 Libo
1178 1657 1429 1705 (Mommsen,
1464 1658 1504 1697 C.
1536 1659 1565 1697 Ι.

39 1725 81 1763 L.
115 1725 129 1763 Ι
161 1737 199 1763 11.
231 1722 350 1774 473),
392 1724 536 1762 Paulus
566 1724 712 1763 Fabius
744 1726 784 1763 in
816 1724 931 1762 titulo
964 1721 1058 1763 799.
1110 1726 1161 1763 cf.
1193 1724 1431 1770 Mommsen,
1466 1739 1565 1765 mus.

40 1793 165 1831 Rhen.
201 1805 238 1830 11.
272 1792 336 1830 XV
367 1805 404 1843 p.
440 1789 572 1843 1942)

152 1860 258 1898 Nihil
292 1861 414 1910 igitur
446 1864 553 1898 certe
586 1859 632 1898 de
672 1860 780 1898 hisce
812 1858 988 1898 Claudiis
1018 1859 1082 1898 uel
1113 1860 1260 1898 Clodiis
1292 1865 1465 1900 statuere
1497 1875 1566 1913 po⁴

40 1929 208 1971 tuimus,
250 1927 317 1965 sed
356 1927 590 1978 plerumque
630 1927 677 1966 ad
720 1940 809 1965 eum
850 1927 968 1965 finem
999 1929 1277 1978 peruenimus,
1321 1934 1361 1967 ut
1399 1942 1465 1968 eos
1497 1932 1565 1981 qui

41 2007 155 2046 saepe
187 1996 344 2034 confusi
376 2001 466 2033 sunt
498 1994 764 2034 secernendos
796 2007 881 2033 esse
914 1996 1210 2040 inueniremus,
1243 2008 1371 2047 neque
1402 1996 1565 2035 Claudio

131 2151 155 2192 ¹)
189 2151 409 2183 Hullemann
446 2151 650 2183 litterarum
689 2153 915 2194 potissimum
958 2152 1197 2184 similitudine
1235 2152 1279 2184 ad
1317 2154 1565 2186 coniecturam

42 2218 141 2239 suam
168 2209 298 2240 ductus
318 2207 509 2239 Claudium
531 2208 747 2247 Pollionem⁷
778 2208 888 2239 Plinii
914 2209 1064 2240 minoris
1092 2209 1263 2249 amicum,
1291 2219 1390 2251 quem
1420 2210 1462 2241 de
1489 2211 1567 2242 uita

41 2265 149 2295 Annii
176 2264 283 2295 Bassi
309 2265 427 2305 egisse
454 2274 474 2295 a
501 2264 618 2295 Plinio
646 2264 749 2305 epist.
769 2264 837 2295 VII
856 2267 914 2304 33,
933 2266 953 2296 5
979 2264 1160 2305 docemur,
1188 2266 1298 2297 etiam
1325 2265 1420 2297 hunc
1446 2262 1565 2308 <easy-

40 2330 107 2362 χον
133 2316 296 2361 χρόνων’
331 2320 565 2361 conposuisse
593 2321 811 2362 suspicatur.
862 2320 925 2352 sed
953 2321 1035 2362 quia
1063 2321 1201 2362 opinio,
1235 2332 1256 2352 a
1282 2331 1351 2362 qua
1378 2322 1566 2363 profectus

42 2379 114 2417 est,
142 2386 220 2407 cum
247 2376 399 2407 Paulum
426 2386 646 2417 praenomen
672 2387 743 2408 non
768 2387 847 2409 esse
866 2377 1121 2418 arbitraretur,
1147 2388 1244 2409 uana
1270 2380 1344 2418 est,
1372 2379 1482 2410 etiam
1509 2389 1564 2419 ea,

42 2442 131 2472 quae
163 2432 247 2463 inde
271 2432 533 2473 conliguntur,
566 2432 795 2475 dilabuntur,
828 2443 946 2474 neque
973 2444 1104 2475 operae
1131 2434 1286 2475 pretium
1317 2437 1374 2466 est
1401 2445 1443 2466 ea
1470 2444 1564 2475 quae

42 2488 266 2529 excogitauit
291 2488 453 2529 pluribus
480 2488 658 2522 refellere.

129 2543 156 2584 ²)
184 2544 288 2575 Hanc
318 2554 404 2576 uero
438 2544 483 2576 ob
517 2555 665 2576 causam
700 2545 809 2577 etiam
841 2556 962 2577 eorum
995 2546 1207 2578 coniectura
1239 2545 1429 2578 admodum
1455 2546 1565 2578 dubia

42 2599 126 2630 mihi
152 2599 316 2641 uidetur,
351 2600 412 2641 qui
446 2599 499 2640 (ut
524 2600 680 2632 Mueller
712 2601 748 2632 in
776 2602 825 2641 fr.
857 2602 932 2636 hist,
962 2612 1077 2644 graec.
1110 2601 1185 2633 IIII
1212 2613 1244 2643 p.
1269 2603 1344 2633 364.
1384 2602 1502 2633 Baehr
1527 2603 1564 2633 in

41 2656 149 2698 Pauly
166 2656 381 2697 Reulenegslcl.
400 2656 436 2688 ΙΙ
455 2667 487 2698 p.
507 2657 586 2695 465)
616 2667 637 2688 a
660 2656 786 2689 Clodio
805 2658 935 2689 Licino
963 2658 1207 2699 conscriptum
1234 2667 1313 2689 esse
1339 2656 1437 2688 illum
1465 2654 1564 2700 ἔλεγ-

42 2721 108 2752 χον
140 2706 284 2753 χρόνων
312 2712 489 2754 suspieati
516 2715 610 2743 sunt.
658 2723 740 2744 nam
768 2712 893 2746 Clodio
919 2714 1047 2745 Licino
1080 2713 1163 2746 Gaii
1195 2723 1415 2753 praenomen
1447 2714 1562 2746 fuisse

43 2777 85 2798 ex
111 2767 237 2807 titulo,
267 2777 370 2809 quem
396 2778 504 2808 supra
531 2769 816 2809 conmemorani,
845 2773 1009 2809 constat,
1039 2768 1204 2800 Clodium
1231 2771 1350 2800 autem
1378 2768 1566 2802 Plutarchi

42 2822 194 2854 eundem
229 2833 308 2855 esse
335 2824 413 2855 ueri
439 2823 657 2855 simillimum
690 2825 795 2857 nobis
818 2826 936 2857 uisum
962 2829 1016 2856 est
1048 2828 1156 2865 atque
1191 2823 1346 2855 Paulum
1373 2824 1563 2858 Claudium

43 2878 212 2920 Appiani.
