1884 3213
61 937 92 960 10

59 1443 89 1467 15

57 1782 90 1805 ‘20

448 197 490 236 Q.
518 195 718 227 CLAVDII
745 194 1066 233 QVADRIGARII
1093 194 1315 226 ANNALES
1555 193 1638 233 229

116 309 264 348 Rhodis
296 309 452 360 placere
486 320 621 359 pacem
654 320 744 346 eum
776 321 1003 360 conponere
1036 321 1125 346 cum
1159 309 1364 350 Romani&
1403 322 1443 346 se
1476 308 1639 347 Romam

116 376 252 415 eadem
284 378 510 415 nuntiatum
542 377 697 414 missos.
732 389 802 427 per
832 389 930 427 quos
953 378 1141 420 stetisset,
1174 388 1251 427 quo
1276 377 1407 414 minus
1430 375 1525 414 belli
1548 377 1639 414 linis

116 446 241 489 fieret,
274 445 464 483 aduersus
496 456 563 481 eos
594 443 687 494 quid
720 444 797 482 sibi
829 444 1056 483 faciendum
1089 448 1213 487 esset,
1247 443 1424 481 Rhodios
1455 442 1636 481 conside-

116 517 271 550 raturos
304 524 402 550 esse.
435 524 484 550 ne
516 524 620 550 nune
643 511 803 562 quidem
826 511 923 550 haec
946 513 1030 549 sine
1055 511 1330 561 indignatione
1354 511 1431 560 legi
1454 511 1637 549 audiriue

117 592 231 631 posse
254 585 408 618 certum
432 579 571 618 habeo.
607 578 696 617 inde
720 580 941 617 existimari
964 584 1107 629 potest,
1140 580 1209 629 qui
1231 578 1391 617 habitus
1412 579 1637 617 animorum

116 646 372 686 audientibus
404 660 447 685 ea
481 646 660 697 patribus
692 648 825 684 suerit.
879 646 1068 685 Claudius
1099 646 1199 684 nihil
1233 658 1467 696 responsum
1498 651 1637 685 auctor

115 719 195 758 est,
235 718 388 752 tantum
426 719 586 753 senatus
627 713 853 752 consultum
885 715 1117 757 recitatum,
1167 726 1243 765 quo
1276 714 1394 752 Caras
1426 718 1465 752 et
1496 713 1637 764 Lydos

115 781 266 820 liberos
305 793 390 820 esse
431 781 589 820 iuberet
625 780 796 832 populus
828 781 1047 825 Romanus,
1091 781 1324 831 litterasque
1357 781 1556 831 extemplo
1590 781 1636 819 ad

116 854 323 899 utramque
363 853 520 899 gentem
560 854 602 887 uc
641 849 685 886 id
721 850 842 886 sciret
881 848 1100 887 indicatum
1141 850 1265 892 mitti;
1313 860 1388 898 qua
1428 848 1559 886 audita
1594 861 1636 885 re

116 917 341 968 principem
372 910 596 966 legationis,
630 917 744 955 cuius
776 916 1154 968 magniloquentiam
1182 917 1247 954 uix
1271 917 1381 954 curia
1405 916 1521 966 paulo
1545 920 1635 954 ante

113 989 285 1036 ceperat,
318 985 531 1023 corruisse.

722 1115 844 1157 LIB.
885 1115 1013 1157 VIII

225 1219 335 1260 (583.
369 1220 478 1260 Oros.
510 1223 542 1260 V
572 1219 598 1260 3
625 1232 667 1270 p.
689 1217 773 1258 289
803 1221 910 1259 Hau.
944 1221 1039 1259 Cum
1064 1220 1244 1259 Metellus
1276 1225 1435 1271 praetor
1458 1220 1634 1258 Achaeos
1659 1212 1724 1260 ¹2⁶

111 1289 372 1341 Boeotiosque
418 1290 654 1327 coniunctos
697 1287 852 1326 duobus
898 1287 1032 1329 hellis,
1088 1287 1160 1326 hoc
1208 1292 1263 1326 est
1313 1289 1486 1338 primmn
1531 1287 1633 1337 apud
1659 1269 1724 1299 608

111 1357 412 1408 Thermopylas,
455 1358 600 1395 iterum
640 1357 680 1394 in
711 1355 887 1394 Phocide
928 1357 1112 1399 uicisset,
1159 1367 1328 1406 quorum
1360 1356 1495 1405 priore
1528 1354 1632 1392 hello

115 1426 245 1463 occisa
277 1437 362 1463 esse
400 1424 469 1462 XX
493 1424 613 1467 milia,
646 1424 822 1462 secundo
851 1428 1000 1473 septem
1031 1423 1140 1462 milia
1164 1435 1277 1461 caesa
1300 1422 1487 1461 Claudius
1510 1422 1631 1459 histo-

111 1494 222 1531 ricus
253 1493 390 1536 refert,
423 1515 477 1517 —
507 1514 562 1517 —
594 1493 717 1541 igitur
748 1496 836 1542 post
868 1492 1043 1529 extincta
1075 1493 1196 1529 totius
1217 1490 1387 1528 Achaiae
1419 1489 1630 1540 praesidia,

112 1561 392 1600 destitutarum
443 1561 693 1598 euersionem
744 1558 907 1597 urbium
958 1558 1115 1597 Metello
1166 1562 1349 1609 praetore
1400 1556 1630 1600 meditante,

111 1629 249 1667 consul
287 1628 500 1666 Mummius
544 1627 779 1678 repentinus
822 1638 911 1664 eum
959 1627 1097 1676 paucis
1145 1626 1255 1663 uenit
1294 1626 1333 1663 in
1373 1629 1516 1668 castra,
1564 1626 1631 1674 qui

112 1695 275 1734 dimisso
307 1695 438 1733 statim
469 1693 627 1732 Metello
660 1693 894 1732 Corinthum
926 1694 1011 1731 sine
1043 1705 1153 1731 mora
1185 1693 1443 1743 expugnauit.
1658 1719 1720 1749 146

224 1760 283 1802 69
295 1760 334 1801 ἦ
369 1762 479 1800 Oros.
524 1762 557 1798 V
582 1759 609 1799 4
633 1772 677 1809 p.
709 1758 792 1799 292
823 1761 926 1801 Hau.
965 1760 1113 1799 Eodem
1145 1766 1321 1811 tempore
1353 1760 1523 1798 trecenti
1554 1758 1629 1797 Lu·
1655 1765 1719 1808 ff

110 1831 230 1870 sitani
280 1842 370 1868 eum
425 1828 534 1867 mille
581 1828 770 1867 Romanis
818 1829 857 1866 in
903 1827 1073 1878 quodam
1118 1827 1220 1866 saltu
1265 1833 1500 1865 contraxere
1556 1839 1628 1877 pu—

110 1910 246 1948 gnam,
279 1898 320 1935 in
351 1909 426 1948 qua
458 1895 558 1934 LXX
588 1896 814 1940 Lusitanos,
846 1895 1045 1934 Romanos
1077 1900 1208 1934 autem
1241 1894 1402 1934 CCCXX
1433 1894 1628 1933 cecidisse

200 2063 266 2098 68.
285 2062 354 2098 69.
382 2064 520 2097 Orosius
535 2076 596 2095 sua
611 2065 751 2105 szctnpsic
768 2075 814 2095 ear
835 2064 941 2103 Liuio,
968 2065 1034 2097 uid.
1056 2064 1220 2095 illam—net·
1238 2065 1279 2094 (le
1299 2067 1394 2093 Oros.
1414 2065 1470 2094 nic.
1497 2073 1530 2102 J).
1554 2063 1626 2093 123.

110 2112 154 2151 (Τ.
185 2111 301 2144 Vuler.
325 2111 373 2150 fr,
399 2111 452 2143 56.
479 2127 519 2132 —-
549 2110 740 2150 Hertzbergy
764 2110 839 2141 hist.
868 2109 988 2143 Graee.
1017 2109 1037 2140 l
1060 2120 1094 2150 p.
1123 2109 1188 2140 266
1213 2120 1262 2149 sq.

226 2260 260 2294 1.
300 2258 397 2294 rodis
436 2260 552 2295 Lam:
699 2258 1014 2293 romaniseromam
1054 2258 1170 2293 Laur.
1319 2256 1354 2291 2.
1395 2255 1629 2303 quostetisset

110 2317 227 2353 Lazcr.
346 2315 382 2351 3.
415 2313 563 2362 quissibi
593 2315 710 2350 Laur.
825 2314 947 2349 rodios
979 2314 1098 2350 Laur.
1215 2312 1252 2348 4.
1286 2323 1363 2347 esse
1385 2323 1480 2346 nune
1507 2312 1624 2347 Laur.

193 2370 375 2406 audieriue
412 2372 528 2406 Laur.
674 2371 711 2406 5.
753 2368 834 2417 qnia
874 2370 990 2405 Later.
1138 2369 1175 2405 9.
1215 2368 1467 2415 gentemseiret
1506 2363 1627 2415 (sai-et

110 2432 202 2464 leste
244 2426 414 2472 Vahlen.)
445 2428 562 2462 Laur.
597 2437 663 2461 em.
699 2426 823 2474 Sigon.
848 2431 882 2462 et
910 2427 1177 2462 Weissenborn
1324 2429 1363 2459 ut
1393 2425 1501 2458 sciret
1531 2423 1622 2457 indi-

109 2490 248 2530 catum,
285 2482 443 2531 Madm‘gs
502 2487 541 2517 nt
578 2483 685 2517 scirvt
724 2482 757 2517 id
797 2482 1001 2528 decretum7
1040 2483 1083 2516 Α.
1122 2481 1246 2517 Koch.
1306 2492 1335 2514 s,
1369 2492 1398 2515 c.
1434 2479 1623 2514 indicatum

121 2541 263 2576 Vahlen
382 2540 444 2576 10.
478 2538 783 2586 magniloquentia
809 2538 815 2582 Ι
842 2539 901 2573 uix
932 2539 1064 2573 curiam
1097 2538 1217 2573 Laur.

221 2591 295 2643 68,
329 2596 392 2633 13.
425 2595 638 2641 boetiosque
668 2594 786 2630 Laur.
818 2590 997 2641 ΒεΙιιίίίι.2
1057 2594 1269 2639 beotiosque
1300 2593 1475 2627 Portens.
1535 2590 1622 2638 byo-

112 2653 253 2699 tiosqne
282 2648 422 2688 Rehd.¹
483 2651 710 2697 Boeotosque
741 2652 840 2697 ἰιιιίφ
957 2652 1107 2697 primum
1138 2649 1256 2684 Laur.
1319 2649 1431 2694 primo
1464 2649 1564 2694 uuly.

112 2707 174 2743 14.
208 2709 242 2742 in
265 2707 567 2755 phocideuicisset
596 2706 714 2741 Laur.
774 2707 810 2741 in
833 2706 920 2741 focis
943 2706 1134 2741 denicisset
1164 2704 1269 2740 Port.
1331 2714 1410 2738 cum
1442 2703 1532 2739 focis
1563 2703 1623 2738 de-

111 2764 255 2799 uieisset
284 2764 443 2811 Rehdz'y.
505 2763 541 2797 in
570 2762 742 2797 Phocaeis
775 2763 839 2798 uic.
872 2764 973 2809 uulgi.
1093 2761 1152 2796 15.
1186 2759 1364 2795 claudicas
1395 2760 1500 2795 Por-t.

108 2815 164 2868 μ’
222 2814 296 2868 69,
328 2818 392 2856 22.
423 2820 459 2855 in
491 2829 571 2866 qua.
602 2817 690 2852 LXX
721 2818 791 2853 mil.
824 2817 998 2853 lusitanos
1031 2829 1046 2851 a
1079 2826 1243 2852 romanos
1275 2816 1392 2851 Lcczcr.
1425 2827 1474 2850 cm
1506 2826 1524 2850 e
1555 2815 1622 2851 Ro-

110 2875 246 2911 manis?
