1884 3213
72 923 104 946 10

512 187 712 221 VALERH
738 187 965 220 ANTIA'rts
992 188 1214 221 ANNALEs
1566 187 1649 228 239

130 300 338 340 duodecim
371 302 538 339 iuuenes
569 302 671 353 apud
703 315 844 353 aquam
876 302 1104 340 concclassc
1137 302 1436 347 imminuendis,
1471 308 1524 347 ut,
1558 316 1647 342 cuin

128 369 288 407 Faunus
317 373 357 407 et
372 368 538 407 Martius
556 369 672 407 Picus
704 370 749 408 ad
784 370 821 407 id
851 370 1028 407 locorum
1057 372 1259 408 uenissent
1285 371 1646 410 haustum-*nam

131 436 211 474 illis
241 436 414 487 aquandi
446 436 622 475 solemne
647 438 722 474 iter
753 437 829 475 11110
853 438 927 475 suit
948 460 1002 462 —
1025 438 1274 482 inuadervut,
1310 440 1645 489 constringerent,

127 503 390 553 conligarent.
424 504 492 541 sed
524 517 601 555 quo
633 517 697 543 res
720 506 806 542 lieri
830 504 1053 554 expeditius
1076 511 1220 556 posset,
1246 518 1379 556 regem
1402 507 1540 556 poi-ula
1568 520 1644 545 non

128 572 242 621 parui
282 572 438 609 numeri
478 572 573 609 uino
606 572 810 622 mulsoque
842 572 1062 622 complesse
1095 575 1278 623 circaque
1311 587 1494 612 accessus
1525 576 1647 613 sontis

127 638 361 676 insidiosam
406 641 587 677 uenturis
626 640 858 690 opposuisse
897 638 1107 678 fallaciam.
1170 640 1259 678 illos
1298 653 1408 679 inore
1449 642 1496 680 de
1529 642 1645 679 solito

126 704 291 743 bibendi
323 705 568 756 adpetitione
600 712 807 757 correptos
838 706 885 745 ad
917 707 1090 758 hospitia
1121 712 1213 745 nota
1246 710 1418 746 uenisse.
1466 709 1533 746 sed
1555 721 1644 746 011111

125 772 350 823 liquoribus
389 773 563 811 odoratis
601 774 858 812 offendissent
896 775 1114 823 fragrantia
1153 775 1315 826 pocula,
1355 776 1646 814 uetustioribus

126 841 400 890 anteposuisse
446 853 510 879 res
549 853 694 886 nouas,
744 843 938 879 inuasisse
978 841 1171 886 auiditer‚
1219 842 1431 881 dulcedine
1470 845 1645 893 potionis

129 912 263 957 captos
294 907 470 946 hausisse
502 908 591 958 plus
621 909 759 953 nimio,
792 908 1085 947 obdormiuisse
1116 909 1242 947 factos
1272 921 1429 960 graues.
1471 916 1551 948 tum
1587 910 1646 948 bis

126 987 244 1012 senos
266 974 499 1013 incubuisse
522 977 675 1026 sopitis,
708 977 894 1014 iniecisse
917 976 1117 1015 maditatis
1140 977 1315 1022 uincula,
1339 979 1644 1028 expergitosi‘pu·

127 1042 214 1080 illos
253 1043 385 1080 statim
424 1043 681 1093 perdocuisse
713 1055 860 1093 regem,
893 1044 1039 1095 quihus
1070 1044 1117 1082 ad
1148 1050 1278 1083 terras
1309 1044 1436 1083 modis
1467 1045 1646 1096 Iuppiter

125 1116 258 1160 posset
290 1115 328 1148 et
358 1111 567 1149 sacrificiis
599 1111 712 1155 elici;
746 1116 784 1150 et
815 1116 975 1162 accepta
999 1123 1132 1161 regem
1155 1113 1322 1151 scientia
1346 1125 1429 1150 rem
1454 1114 1493 1150 111
1516 1114 1645 1152 Auen-

125 1178 210 1215 tino
242 1178 385 1216 fecisse
417 1177 614 1223 diuinam,
655 1178 822 1217 elexisse
854 1178 901 1217 ad
934 1184 1061 1217 terras
1092 1179 1248 1225 Iouem,
1288 1180 1336 1218 ab
1369 1193 1493 1232 eoque
1525 1193 1644 1231 quac-

126 1246 224 1283 sisse
256 1246 377 1283 ritum
408 1247 706 1295 procurationis
738 1258 901 1284 morem.
958 1246 1092 1285 Iouem
1115 1247 1183 1285 diu
1206 1253 1407 1286 contatuni
1430 1247 1641 1298 ‘expiabis'

125 1311 214 1350 dixe
261 1314 407 1364 ecapite
455 1312 677 1362 sulgurita’.
739 1325 873 1364 regem
920 1314 1172 1365 respondisse
1218 1317 1437 1366 ‘caepitiofi
1507 1317 1643 1354 Iouem

124 1392 264 1418 rursus
311 1379 528 1419 ‘hulnauo’.
581 1381 784 1420 rettulisse
822 1393 957 1432 regem
996 1382 1081 1420 ‘sed
1121 1383 1295 1434 capillo’.
1346 1384 1464 1423 deum
1505 1389 1642 1422 contra

124 1549 288 1582 cecidere
315 1549 544 1591 frequentius
575 1550 693 1591 ignes.
741 1550 818 1582 Rex
845 1554 976 1591 pauet,
1012 1554 1047 1582 et
1078 1549 1177 1592 uolgi
1203 1554 1351 1592 pectora
1377 1554 1493 1582 terror
1518 1551 1642 1585 habet.

124 1593 191 1626 Cui
217 1594 286 1627 dea
313 1597 372 1626 ‘ne
397 1595 546 1626 nimium
572 1599 720 1629 terrere.
774 1595 913 1637 piabile
940 1596 1077 1627 fulmen
1104 1596 1185 1627 Est’
1213 1597 1266 1627 ait
1292 1599 1345 1628 ‘et
1363 1597 1466 1628 saeui
1484 1596 1643 1628 flectitur

124 1640 178 1671 ira
211 1640 320 1672 Iouis.
371 1640 440 1672 Sed
473 1643 646 1681 poterunt
678 1641 785 1671 ritum
818 1641 926 1672 Picus
953 1641 1171 1682 Faunusque
1206 1641 1332 1682 piandi
1362 1641 1542 1680 Tradere,
1574 1642 1642 1673 Ro-

123 1686 221 1716 mani
246 1696 379 1716 numen
404 1688 555 1726 uterque
574 1685 653 1717 soli.
681 1686 760 1717 Nec
777 1685 857 1716 sine
875 1686 911 1716 ui
928 1686 1079 1718 tradent.
1130 1685 1302 1718 adhibeto
1317 1687 1467 1718 uincula
1494 1687 1640 1728 captis’.

122 1731 241 1770 Atque
268 1731 320 1761 ita
347 1740 418 1771 qua
442 1731 585 1771 possint
617 1729 735 1762 erudit
761 1734 838 1761 arte
866 1732 959 1773 capi.
1010 1732 1129 1762 Lucus
1154 1732 1338 1763 Auentino
1364 1732 1513 1763 suberat
1539 1732 1643 1773 niger

122 1774 218 1806 ilicis
243 1776 388 1814 umbra,
416 1776 495 1815 Quo
520 1784 646 1816 posses
671 1775 749 1806 uiso
775 1775 896 1807 dicere
924 1779 1075 1807 ‘numen
1108 1777 1235 1808 inest’.
1285 1778 1326 1808 Iu
1353 1776 1467 1807 medio
1493 1786 1640 1817 gramen

122 1829 317 1861 muscoque
345 1819 525 1861 adoperta
557 1821 691 1852 uirenti
717 1820 895 1851 Manabat
927 1831 1014 1852 saxo
1047 1832 1143 1853 uena
1175 1822 1342 1862 perennis
1374 1831 1502 1862 aquae.
1550 1822 1640 1852 Inde

123 1865 199 1896 fere
238 1865 306 1896 soli
343 1865 490 1896 Faunus
526 1865 709 1907 Picusque
746 1865 933 1900 bibebant,
983 1867 1062 1897 Huc
1090 1867 1192 1897 uenit
1221 1870 1258 1897 et
1296 1868 1389 1898 fonti
1426 1877 1488 1897 rex
1525 1867 1641 1898 Numa

122 1913 260 1942 mactat
292 1920 413 1947 ouem,
450 1910 638 1950 Plenaque
673 1910 814 1941 odorati
847 1910 1007 1952 disponit
1040 1911 1168 1953 pocula
1201 1912 1337 1943 Bacchi
1371 1911 1531 1953 Cumque
1567 1912 1641 1942 suis

123 1957 228 1986 antro
255 1955 422 1987 conditus
447 1955 524 1996 ipse
550 1955 656 1986 latet.
704 1955 758 1986 Ad
785 1955 912 1987 solitos
937 1958 1089 1988 ueniunt
1120 1956 1307 1988 siluestria
1340 1957 1486 1987 numina
1519 1956 1641 1988 fontes

122 2000 169 2031 Et
201 2000 370 2032 releuant
399 2000 510 2032 multo
548 2004 698 2041 pectora
730 2000 830 2031 sicca
862 2011 970 2032 mero.
1023 2001 1116 2032 Vina
1154 2001 1257 2042 quies
1295 2002 1469 2042 sequitur.
1519 2001 1640 2043 gelido

122 2045 238 2076 Numa
265 2045 384 2086 prodit
411 2045 456 2076 ab
484 2049 588 2077 antro
614 2045 818 2086 Vinclaque
845 2047 986 2087 sopitas
1013 2045 1112 2077 addit
1139 2047 1175 2077 111
1201 2049 1281 2078 arta
1307 2056 1445 2079 manus.
1489 2046 1640 2077 Somnus

121 2093 162 2120 ut
187 2090 387 2129 abscessit,
416 2090 612 2131 pugnando
637 2091 788 2121 uincula
817 2093 998 2132 temptant
1033 2091 1223 2132 Rumpere.
1273 2095 1479 2133 pugnantes
1512 2091 1640 2121 fortius

120 2134 187 2166 illa
223 2138 363 2166 tenent.
419 2135 523 2166 Tunc
558 2135 692 2166 Numa:
728 2136 790 2166 ‘Di
829 2145 1030 2171 nemorum,
1063 2137 1170 2167 factis
1202 2137 1380 2177 ignoscite
1418 2136 1566 2174 nostris,
1603 2136 1640 2166 [si

123 2179 243 2211 scelus
268 2180 415 2220 ingenio
442 2181 544 2211 scitis
570 2179 701 2211 abesse
726 2190 817 2220 meo,
845 2180 995 2222 Quoque
1012 2180 1116 2212 modo
1135 2182 1251 2222 possit
1278 2181 1412 2212 fulmen
1438 2184 1638 2211 monstrate¹

122 2224 242 2266 piari’.
289 2223 348 2256 Sic
372 2225 504 2264 Numa,
530 2224 581 2256 sic
607 2225 776 2265 quatiens
809 2236 945 2257 cornua
978 2226 1128 2257 Faunus
1159 2227 1230 2257 ait:
1263 2226 1416 2266 ‘Magna
1446 2225 1540 2266 petis
1573 2236 1640 2256 nce

122 2279 216 2310 quae
249 2269 388 2301 monitu
419 2269 487 2300 tibi
518 2270 655 2301 discere
688 2273 811 2301 nostro
844 2271 916 2301 Fas
950 2271 1008 2303 sit.
1057 2270 1193 2302 habent
1223 2269 1303 2301 finis
1336 2269 1482 2301 numina
1514 2276 1639 2301 nostra

121 2324 216 2349 suos.
266 2314 313 2345 Di
346 2324 467 2346 sumus
498 2318 664 2355 agrestes
697 2318 731 2346 et
763 2316 823 2356 qui
855 2315 1077 2346 dominemur
1108 2316 1145 2346 in
1178 2315 1261 2347 altis
1295 2314 1492 2346 Montibus.
1545 2315 1638 2345 arbi—

121 2359 231 2398 trium
258 2362 315 2391 est
339 2359 377 2390 in
403 2368 469 2390 sua
494 2361 594 2390 tecta
619 2359 710 2393 Ioui,
752 2360 860 2391 Hunc
885 2364 923 2391 tu
942 2370 1010 2391 non
1030 2360 1167 2401 poteris
1187 2370 1250 2401 per
1270 2365 1302 2391 te
1323 2359 1502 2390 deducere
1522 2359 1637 2397 caelo,

123 2405 169 2435 At
198 2404 336 2446 poteris
368 2407 492 2435 nostra
527 2404 679 2435 forsitan
711 2414 797 2436 usus
828 2408 924 2446 ope.'
952 2404 1130 2436 ·Dixerat
1162 2404 1254 2436 haec
1286 2405 1445 2435 Faunus.
1495 2414 1560 2445 par
1584 2409 1639 2434 est

124 2449 308 2481 sententia
335 2449 425 2483 Pici,
475 2449 605 2479 ‘Deme
632 2453 754 2481 tamen
780 2450 885 2481 nobis
916 2450 1076 2481 uineula’
1110 2450 1216 2481 Picus
1255 2450 1318 2482 ait.
1367 2449 1546 2490 ‘luppiter
1570 2448 1638 2479 hue

123 2495 250 2525 ueniet
275 2493 399 2525 ualida
426 2492 621 2535 perductus
648 2494 693 2525 ab
720 2498 812 2534 arte,
838 2494 973 2526 Nubila
999 2495 1165 2536 promissi
1184 2494 1273 2535 Styx
1301 2493 1385 2525 mihi
1410 2494 1516 2524 testis
1542 2493 1637 2526 crit,>

122 2539 256 2570 Emissi
280 2538 422 2580 laqueis
450 2538 535 2579 qnid
561 2542 685 2579 agant,
713 2549 804 2579 quae
832 2540 992 2571 carmina
1018 2540 1141 2571 dicant
1160 2540 1311 2580 Quaque
1330 2538 1478 2569 trahant
1497 2538 1637 2579 superis

238 2700 273 2734 1.
306 2710 386 2735 eum
418 2699 551 2735 celasse
583 2700 706 2735 coclea:
765 2699 968 2735 concelasse
999 2701 1141 2745 scripsi
1297 2697 1333 2733 2.
1369 2698 1524 2732 uenisset
1554 2699 1636 2734 cod.

124 2767 147 2790 (ι
172 2767 238 2801 pr.
271 2768 316 2791 m.
463 2756 498 2791 3.
539 2755 749 2791 solemniter
786 2756 872 2791 haec
910 2757 1035 2792 codem
1179 2754 1215 2789 S.
1256 2754 1438 2801 {lagi-antia
1470 2755 1551 2789 ead.

124 2811 160 2847 9.
192 2811 411 2847 dulcedinem
444 2824 478 2860 p.
512 2813 592 2848 cod.
654 2812 841 2849 dulcedine
872 2813 905 2847 in
938 2824 971 2859 p.
1004 2811 1245 2847 Hildebrcmd
1361 2810 1423 2846 17.
1455 2807 1537 2859 sed]
1571 2811 1637 2845 sci-

125 2865 207 2903 licet
238 2868 338 2904 Roth
