<?xml version="1.0" encoding="UTF-8"?>
<!DOCTYPE html PUBLIC "-//W3C//DTD XHTML 1.0 Transitional//EN"
    "http://www.w3.org/TR/xhtml1/DTD/xhtml1-transitional.dtd">
<html xmlns="http://www.w3.org/1999/xhtml" xml:lang="en" lang="en">
 <head>
  <title>
</title>
<meta http-equiv="Content-Type" content="text/html;charset=utf-8" />
  <meta name='ocr-system' content='tesseract 3.04.00' />
  <meta name='ocr-capabilities' content='ocr_page ocr_carea ocr_par ocr_line ocrx_word'/>
</head>
<body>
  <div class='ocr_page' id='page_1' title='image "./veterumhistorico01peteuoft_0082.png"; bbox 0 0 1884 3213; ppageno 0'>
   <div class='ocr_carea' id='block_1_1' title="bbox 244 195 1262 240">
    <p class='ocr_par' dir='ltr' id='par_1_1' title="bbox 244 195 1262 240">
     <span class='ocr_line' id='line_1_1' title="bbox 244 195 1262 240; baseline -0.011 0"><span class='ocrx_word' id='word_1_1' title='bbox 244 210 355 240; x_wconf 73' lang='grc' dir='ltr'>ΙΛἸΙΙ</span> <span class='ocrx_word' id='word_1_2' title='bbox 780 195 1182 230; x_wconf 67' lang='grc' dir='ltr'>ΡΗΟῘΑΞΟΟΜΕΝΟΝ</span> <span class='ocrx_word' id='word_1_3' title='bbox 1207 196 1262 229; x_wconf 96' lang='lat' dir='ltr'>III</span> 
     </span>
    </p>
   </div>
   <div class='ocr_carea' id='block_1_2' title="bbox 242 311 1768 2932">
    <p class='ocr_par' dir='ltr' id='par_1_2' title="bbox 242 311 1768 1110">
     <span class='ocr_line' id='line_1_2' title="bbox 245 311 1766 365; baseline -0.002 -13"><span class='ocrx_word' id='word_1_4' title='bbox 245 315 420 365; x_wconf 83' lang='lat' dir='ltr'>piditati,</span> <span class='ocrx_word' id='word_1_5' title='bbox 465 326 532 364; x_wconf 80' lang='lat' dir='ltr'>per</span> <span class='ocrx_word' id='word_1_6' title='bbox 582 325 695 362; x_wconf 89' lang='lat' dir='ltr'>quam</span> <span class='ocrx_word' id='word_1_7' title='bbox 745 313 940 349; x_wconf 86' lang='lat' dir='ltr'>maiorum</span> <span class='ocrx_word' id='word_1_8' title='bbox 988 312 1089 349; x_wconf 80' lang='lat' dir='ltr'>saeta</span> <span class='ocrx_word' id='word_1_9' title='bbox 1137 311 1175 347; x_wconf 93' lang='lat' dir='ltr'>iu</span> <span class='ocrx_word' id='word_1_10' title='bbox 1221 313 1509 350; x_wconf 81' lang='lat' dir='ltr'>conmentariis</span> <span class='ocrx_word' id='word_1_11' title='bbox 1548 311 1766 361; x_wconf 75' lang='lat' dir='ltr'>gentilibus</span> 
     </span>
     <span class='ocr_line' id='line_1_3' title="bbox 244 379 1763 431; baseline -0.001 -13"><span class='ocrx_word' id='word_1_12' title='bbox 244 383 440 431; x_wconf 69' lang='lat' dir='ltr'>descripta</span> <span class='ocrx_word' id='word_1_13' title='bbox 474 387 506 418; x_wconf 92' lang='lat' dir='ltr'>et</span> <span class='ocrx_word' id='word_1_14' title='bbox 544 385 730 418; x_wconf 81' lang='lat' dir='ltr'>exornata</span> <span class='ocrx_word' id='word_1_15' title='bbox 765 379 985 417; x_wconf 80' lang='lat' dir='ltr'>exstabant.</span> <span class='ocrx_word' id='word_1_16' title='bbox 1047 390 1282 429; x_wconf 86' lang='grc'>111111111111111111</span> <span class='ocrx_word' id='word_1_17' title='bbox 1324 379 1456 429; x_wconf 91' lang='lat' dir='ltr'>paullo</span> <span class='ocrx_word' id='word_1_18' title='bbox 1496 384 1583 430; x_wconf 88' lang='lat' dir='ltr'>post</span> <span class='ocrx_word' id='word_1_19' title='bbox 1621 380 1691 417; x_wconf 88' lang='lat' dir='ltr'>hos</span> <span class='ocrx_word' id='word_1_20' title='bbox 1723 379 1763 418; x_wconf 80' lang='lat' dir='ltr'>C.</span> 
     </span>
     <span class='ocr_line' id='line_1_4' title="bbox 246 447 1767 497; baseline -0.001 -10"><span class='ocrx_word' id='word_1_21' title='bbox 246 451 423 487; x_wconf 71' lang='lat' dir='ltr'>Licinius</span> <span class='ocrx_word' id='word_1_22' title='bbox 456 449 598 487; x_wconf 81' lang='lat' dir='ltr'>Macer.</span> <span class='ocrx_word' id='word_1_23' title='bbox 633 448 793 485; x_wconf 72' lang='lat' dir='ltr'>Catonis</span> <span class='ocrx_word' id='word_1_24' title='bbox 825 447 1026 497; x_wconf 84' lang='lat' dir='ltr'>exemplar</span> <span class='ocrx_word' id='word_1_25' title='bbox 1066 447 1262 489; x_wconf 87' lang='lat' dir='ltr'>imitatus,</span> <span class='ocrx_word' id='word_1_26' title='bbox 1304 458 1443 484; x_wconf 86' lang='lat' dir='ltr'>rursus</span> <span class='ocrx_word' id='word_1_27' title='bbox 1482 447 1690 485; x_wconf 84' lang='lat' dir='ltr'>historiam</span> <span class='ocrx_word' id='word_1_28' title='bbox 1729 452 1767 485; x_wconf 86' lang='lat' dir='ltr'>et</span> 
     </span>
     <span class='ocr_line' id='line_1_5' title="bbox 242 512 1767 567; baseline -0.001 -13"><span class='ocrx_word' id='word_1_29' title='bbox 242 518 490 567; x_wconf 75' lang='lat' dir='ltr'>:antiquitatis</span> <span class='ocrx_word' id='word_1_30' title='bbox 522 516 709 557; x_wconf 78' lang='lat' dir='ltr'>studium,</span> <span class='ocrx_word' id='word_1_31' title='bbox 745 515 849 566; x_wconf 83' lang='lat' dir='ltr'>quod</span> <span class='ocrx_word' id='word_1_32' title='bbox 881 514 947 553; x_wconf 94' lang='lat' dir='ltr'>illa</span> <span class='ocrx_word' id='word_1_33' title='bbox 981 518 1107 552; x_wconf 88' lang='lat' dir='ltr'>aetate</span> <span class='ocrx_word' id='word_1_34' title='bbox 1130 512 1312 558; x_wconf 83' lang='lat' dir='ltr'>llorebat,</span> <span class='ocrx_word' id='word_1_35' title='bbox 1346 516 1579 554; x_wconf 87' lang='lat' dir='ltr'>consociare</span> <span class='ocrx_word' id='word_1_36' title='bbox 1602 519 1767 553; x_wconf 87' lang='lat' dir='ltr'>conatus</span> 
     </span>
     <span class='ocr_line' id='line_1_6' title="bbox 244 584 1765 636; baseline -0.001 -14"><span class='ocrx_word' id='word_1_37' title='bbox 244 584 371 622; x_wconf 87' lang='lat' dir='ltr'>libros</span> <span class='ocrx_word' id='word_1_38' title='bbox 404 590 512 622; x_wconf 80' lang='lat' dir='ltr'>certe</span> <span class='ocrx_word' id='word_1_39' title='bbox 546 584 691 622; x_wconf 80' lang='lat' dir='ltr'>linteos</span> <span class='ocrx_word' id='word_1_40' title='bbox 715 585 753 622; x_wconf 91' lang='lat' dir='ltr'>iu</span> <span class='ocrx_word' id='word_1_41' title='bbox 787 584 880 621; x_wconf 86' lang='lat' dir='ltr'>aede</span> <span class='ocrx_word' id='word_1_42' title='bbox 904 584 1082 623; x_wconf 79' lang='lat' dir='ltr'>Monetae</span> <span class='ocrx_word' id='word_1_43' title='bbox 1115 586 1312 636; x_wconf 86' lang='lat' dir='ltr'>repositos</span> <span class='ocrx_word' id='word_1_44' title='bbox 1343 584 1511 622; x_wconf 87' lang='lat' dir='ltr'>multum</span> <span class='ocrx_word' id='word_1_45' title='bbox 1543 584 1765 634; x_wconf 87' lang='lat' dir='ltr'>usurpauit,</span> 
     </span>
     <span class='ocr_line' id='line_1_7' title="bbox 243 651 1767 703; baseline 0 -14"><span class='ocrx_word' id='word_1_46' title='bbox 243 666 316 703; x_wconf 87' lang='lat' dir='ltr'>qua</span> <span class='ocrx_word' id='word_1_47' title='bbox 350 654 389 690; x_wconf 92' lang='grc'>111</span> <span class='ocrx_word' id='word_1_48' title='bbox 424 665 466 690; x_wconf 84' lang='lat' dir='ltr'>re</span> <span class='ocrx_word' id='word_1_49' title='bbox 498 651 639 690; x_wconf 88' lang='lat' dir='ltr'>habuit.</span> <span class='ocrx_word' id='word_1_50' title='bbox 671 652 826 690; x_wconf 75' lang='lat' dir='ltr'>Aelium</span> <span class='ocrx_word' id='word_1_51' title='bbox 858 651 1110 691; x_wconf 71' lang='lat' dir='ltr'>&#39;l&#39;uberouem</span> <span class='ocrx_word' id='word_1_52' title='bbox 1142 660 1428 691; x_wconf 65' lang='lat' dir='ltr'>successorem.</span> <span class='ocrx_word' id='word_1_53' title='bbox 1491 651 1603 702; x_wconf 88' lang='lat' dir='ltr'>plura</span> <span class='ocrx_word' id='word_1_54' title='bbox 1636 656 1767 689; x_wconf 89' lang='lat' dir='ltr'>tamen</span> 
     </span>
     <span class='ocr_line' id='line_1_8' title="bbox 244 719 1767 771; baseline -0.001 -13"><span class='ocrx_word' id='word_1_55' title='bbox 244 734 315 758; x_wconf 83' lang='lat' dir='ltr'>nec</span> <span class='ocrx_word' id='word_1_56' title='bbox 348 720 394 757; x_wconf 88' lang='lat' dir='ltr'>de</span> <span class='ocrx_word' id='word_1_57' title='bbox 426 719 544 758; x_wconf 85' lang='grc'>11111115</span> <span class='ocrx_word' id='word_1_58' title='bbox 577 732 648 757; x_wconf 80' lang='lat' dir='ltr'>nee.</span> <span class='ocrx_word' id='word_1_59' title='bbox 695 720 740 757; x_wconf 84' lang='lat' dir='ltr'>de</span> <span class='ocrx_word' id='word_1_60' title='bbox 781 725 1005 758; x_wconf 79' lang='lat' dir='ltr'>ceterorum</span> <span class='ocrx_word' id='word_1_61' title='bbox 1048 722 1289 771; x_wconf 84' lang='lat' dir='ltr'>scriptorum</span> <span class='ocrx_word' id='word_1_62' title='bbox 1329 721 1512 770; x_wconf 79' lang='lat' dir='ltr'>antiquae</span> <span class='ocrx_word' id='word_1_63' title='bbox 1552 720 1767 757; x_wconf 74' lang='lat' dir='ltr'>memoriae</span> 
     </span>
     <span class='ocr_line' id='line_1_9' title="bbox 244 787 1767 839; baseline -0.001 -14"><span class='ocrx_word' id='word_1_64' title='bbox 244 787 420 825; x_wconf 80' lang='lat' dir='ltr'>sontibus</span> <span class='ocrx_word' id='word_1_65' title='bbox 452 788 634 839; x_wconf 74' lang='lat' dir='ltr'>profert-‹1-v</span> <span class='ocrx_word' id='word_1_66' title='bbox 667 800 887 838; x_wconf 80' lang='lat' dir='ltr'>possumus.</span> <span class='ocrx_word' id='word_1_67' title='bbox 950 788 1047 825; x_wconf 84' lang='lat' dir='ltr'>adeo</span> <span class='ocrx_word' id='word_1_68' title='bbox 1078 801 1200 839; x_wconf 87' lang='lat' dir='ltr'>pauca</span> <span class='ocrx_word' id='word_1_69' title='bbox 1234 794 1272 827; x_wconf 80' lang='lat' dir='ltr'>et,</span> <span class='ocrx_word' id='word_1_70' title='bbox 1303 789 1437 826; x_wconf 88' lang='lat' dir='ltr'>tenuia</span> <span class='ocrx_word' id='word_1_71' title='bbox 1469 791 1559 825; x_wconf 86' lang='lat' dir='ltr'>sunt</span> <span class='ocrx_word' id='word_1_72' title='bbox 1591 788 1677 825; x_wconf 88' lang='lat' dir='ltr'>eius</span> <span class='ocrx_word' id='word_1_73' title='bbox 1709 788 1767 824; x_wconf 87' lang='lat' dir='ltr'>rei</span> 
     </span>
     <span class='ocr_line' id='line_1_10' title="bbox 244 855 1766 905; baseline 0 -13"><span class='ocrx_word' id='word_1_74' title='bbox 244 855 390 892; x_wconf 79' lang='lat' dir='ltr'>iudicia</span> <span class='ocrx_word' id='word_1_75' title='bbox 426 868 496 892; x_wconf 77' lang='lat' dir='ltr'>ues-</span> <span class='ocrx_word' id='word_1_76' title='bbox 532 861 687 893; x_wconf 86' lang='lat' dir='ltr'>uostrae</span> <span class='ocrx_word' id='word_1_77' title='bbox 721 867 864 905; x_wconf 86' lang='lat' dir='ltr'>operae</span> <span class='ocrx_word' id='word_1_78' title='bbox 897 868 981 893; x_wconf 86' lang='lat' dir='ltr'>esse</span> <span class='ocrx_word' id='word_1_79' title='bbox 1016 856 1201 894; x_wconf 84' lang='lat' dir='ltr'>duximus</span> <span class='ocrx_word' id='word_1_80' title='bbox 1234 870 1277 894; x_wconf 86' lang='lat' dir='ltr'>ea</span> <span class='ocrx_word' id='word_1_81' title='bbox 1310 867 1533 898; x_wconf 86' lang='lat' dir='ltr'>recensere,</span> <span class='ocrx_word' id='word_1_82' title='bbox 1566 855 1766 905; x_wconf 68' lang='grc'>(1113111111-</span> 
     </span>
     <span class='ocr_line' id='line_1_11' title="bbox 243 922 1768 975; baseline 0.001 -16"><span class='ocrx_word' id='word_1_83' title='bbox 243 924 345 960; x_wconf 87' lang='lat' dir='ltr'>sitau</span> <span class='ocrx_word' id='word_1_84' title='bbox 379 922 425 960; x_wconf 93' lang='lat' dir='ltr'>ab</span> <span class='ocrx_word' id='word_1_85' title='bbox 460 923 540 960; x_wconf 77' lang='lat' dir='ltr'>illis</span> <span class='ocrx_word' id='word_1_86' title='bbox 573 924 612 960; x_wconf 91' lang='lat' dir='ltr'>in</span> <span class='ocrx_word' id='word_1_87' title='bbox 646 936 758 961; x_wconf 80' lang='lat' dir='ltr'>usum</span> <span class='ocrx_word' id='word_1_88' title='bbox 793 929 929 961; x_wconf 81' lang='lat' dir='ltr'>uocata</span> <span class='ocrx_word' id='word_1_89' title='bbox 964 936 1049 962; x_wconf 80' lang='lat' dir='ltr'>esse</span> <span class='ocrx_word' id='word_1_90' title='bbox 1081 924 1306 967; x_wconf 79' lang='lat' dir='ltr'>uideantur,</span> <span class='ocrx_word' id='word_1_91' title='bbox 1339 923 1575 975; x_wconf 87' lang='lat' dir='ltr'>pracsertim</span> <span class='ocrx_word' id='word_1_92' title='bbox 1607 934 1697 961; x_wconf 90' lang='lat' dir='ltr'>cum</span> <span class='ocrx_word' id='word_1_93' title='bbox 1728 922 1768 960; x_wconf 87' lang='lat' dir='ltr'>hi</span> 
     </span>
     <span class='ocr_line' id='line_1_12' title="bbox 245 990 1768 1041; baseline 0.001 -14"><span class='ocrx_word' id='word_1_94' title='bbox 245 990 435 1028; x_wconf 80' lang='lat' dir='ltr'>historiae</span> <span class='ocrx_word' id='word_1_95' title='bbox 477 991 675 1029; x_wconf 82' lang='lat' dir='ltr'>Romanae</span> <span class='ocrx_word' id='word_1_96' title='bbox 715 992 844 1029; x_wconf 84' lang='lat' dir='ltr'>sontes</span> <span class='ocrx_word' id='word_1_97' title='bbox 883 992 959 1029; x_wconf 90' lang='lat' dir='ltr'>iam</span> <span class='ocrx_word' id='word_1_98' title='bbox 1000 990 1047 1029; x_wconf 89' lang='lat' dir='ltr'>ab</span> <span class='ocrx_word' id='word_1_99' title='bbox 1088 991 1177 1030; x_wconf 87' lang='lat' dir='ltr'>aliis</span> <span class='ocrx_word' id='word_1_100' title='bbox 1217 991 1432 1041; x_wconf 71' lang='lat' dir='ltr'>diligenter</span> <span class='ocrx_word' id='word_1_101' title='bbox 1472 991 1693 1029; x_wconf 85' lang='lat' dir='ltr'>enumerati</span> <span class='ocrx_word' id='word_1_102' title='bbox 1731 994 1768 1028; x_wconf 88' lang='lat' dir='ltr'>et</span> 
     </span>
     <span class='ocr_line' id='line_1_13' title="bbox 243 1055 1467 1110; baseline 0.001 -16"><span class='ocrx_word' id='word_1_103' title='bbox 243 1059 458 1096; x_wconf 83' lang='lat' dir='ltr'>examinati</span> <span class='ocrx_word' id='word_1_104' title='bbox 491 1059 581 1099; x_wconf 82' lang='lat' dir='ltr'>sint,</span> <span class='ocrx_word' id='word_1_105' title='bbox 616 1060 655 1096; x_wconf 91' lang='lat' dir='ltr'>in</span> <span class='ocrx_word' id='word_1_106' title='bbox 689 1060 831 1109; x_wconf 90' lang='lat' dir='ltr'>primis</span> <span class='ocrx_word' id='word_1_107' title='bbox 863 1071 883 1097; x_wconf 89' lang='lat' dir='ltr'>a</span> <span class='ocrx_word' id='word_1_108' title='bbox 915 1058 1168 1109; x_wconf 78' lang='lat' dir='ltr'>Schweglero</span> <span class='ocrx_word' id='word_1_109' title='bbox 1200 1059 1216 1097; x_wconf 94' lang='lat' dir='ltr'>I</span> <span class='ocrx_word' id='word_1_110' title='bbox 1247 1072 1284 1110; x_wconf 94' lang='lat' dir='ltr'>p.</span> <span class='ocrx_word' id='word_1_111' title='bbox 1319 1055 1467 1097; x_wconf 83' lang='lat'>1—35.</span> 
     </span>
    </p>

    <p class='ocr_par' dir='ltr' id='par_1_3' title="bbox 243 1126 1768 2932">
     <span class='ocr_line' id='line_1_14' title="bbox 355 1126 1767 1178; baseline 0 -14"><span class='ocrx_word' id='word_1_112' title='bbox 355 1127 479 1177; x_wconf 81' lang='lat' dir='ltr'>Atque</span> <span class='ocrx_word' id='word_1_113' title='bbox 512 1126 608 1163; x_wconf 86' lang='lat' dir='ltr'>haec</span> <span class='ocrx_word' id='word_1_114' title='bbox 641 1126 799 1177; x_wconf 90' lang='lat' dir='ltr'>quidem</span> <span class='ocrx_word' id='word_1_115' title='bbox 833 1126 878 1165; x_wconf 91' lang='lat' dir='ltr'>de</span> <span class='ocrx_word' id='word_1_116' title='bbox 912 1128 968 1165; x_wconf 87' lang='lat' dir='ltr'>eis</span> <span class='ocrx_word' id='word_1_117' title='bbox 1001 1126 1140 1171; x_wconf 86' lang='lat' dir='ltr'>rebus,</span> <span class='ocrx_word' id='word_1_118' title='bbox 1183 1139 1282 1178; x_wconf 87' lang='lat' dir='ltr'>quae</span> <span class='ocrx_word' id='word_1_119' title='bbox 1313 1128 1544 1178; x_wconf 80' lang='lat' dir='ltr'>priusquam</span> <span class='ocrx_word' id='word_1_120' title='bbox 1577 1126 1767 1165; x_wconf 81' lang='lat' dir='ltr'>historiae</span> 
     </span>
     <span class='ocr_line' id='line_1_15' title="bbox 243 1194 1768 1245; baseline 0 -14"><span class='ocrx_word' id='word_1_121' title='bbox 243 1194 330 1231; x_wconf 82' lang='lat' dir='ltr'>luce</span> <span class='ocrx_word' id='word_1_122' title='bbox 365 1194 688 1238; x_wconf 69' lang='lat' dir='ltr'>inlustrarentur,</span> <span class='ocrx_word' id='word_1_123' title='bbox 723 1199 856 1244; x_wconf 74' lang='lat' dir='ltr'>gestae</span> <span class='ocrx_word' id='word_1_124' title='bbox 889 1200 992 1233; x_wconf 91' lang='lat' dir='ltr'>sunt.</span> <span class='ocrx_word' id='word_1_125' title='bbox 1055 1194 1281 1233; x_wconf 75' lang='lat' dir='ltr'>accedimus</span> <span class='ocrx_word' id='word_1_126' title='bbox 1304 1194 1350 1233; x_wconf 86' lang='lat' dir='ltr'>ad</span> <span class='ocrx_word' id='word_1_127' title='bbox 1382 1194 1421 1232; x_wconf 91' lang='lat' dir='ltr'>id</span> <span class='ocrx_word' id='word_1_128' title='bbox 1452 1199 1621 1245; x_wconf 88' lang='lat' dir='ltr'>tempus,</span> <span class='ocrx_word' id='word_1_129' title='bbox 1654 1194 1768 1232; x_wconf 87' lang='lat' dir='ltr'>cuius</span> 
     </span>
     <span class='ocr_line' id='line_1_16' title="bbox 243 1260 1766 1313; baseline 0.001 -14"><span class='ocrx_word' id='word_1_130' title='bbox 243 1274 306 1299; x_wconf 78' lang='lat' dir='ltr'>res</span> <span class='ocrx_word' id='word_1_131' title='bbox 337 1274 426 1299; x_wconf 84' lang='lat' dir='ltr'>eum</span> <span class='ocrx_word' id='word_1_132' title='bbox 457 1267 717 1311; x_wconf 74' lang='lat' dir='ltr'>gererentur,</span> <span class='ocrx_word' id='word_1_133' title='bbox 757 1275 775 1300; x_wconf 92' lang='lat' dir='ltr'>a</span> <span class='ocrx_word' id='word_1_134' title='bbox 818 1262 1082 1313; x_wconf 71' lang='lat' dir='ltr'>conpluribus</span> <span class='ocrx_word' id='word_1_135' title='bbox 1121 1262 1239 1301; x_wconf 88' lang='lat' dir='ltr'>simul</span> <span class='ocrx_word' id='word_1_136' title='bbox 1278 1262 1425 1301; x_wconf 84' lang='lat' dir='ltr'>litteris</span> <span class='ocrx_word' id='word_1_137' title='bbox 1464 1260 1766 1306; x_wconf 80' lang='lat' dir='ltr'>mandabantur,</span> 
     </span>
     <span class='ocr_line' id='line_1_17' title="bbox 244 1329 1766 1382; baseline 0.001 -17"><span class='ocrx_word' id='word_1_138' title='bbox 244 1330 290 1367; x_wconf 88' lang='lat' dir='ltr'>de</span> <span class='ocrx_word' id='word_1_139' title='bbox 323 1329 469 1379; x_wconf 84' lang='lat' dir='ltr'>quihus</span> <span class='ocrx_word' id='word_1_140' title='bbox 500 1330 587 1368; x_wconf 85' lang='lat' dir='ltr'>fieri</span> <span class='ocrx_word' id='word_1_141' title='bbox 619 1342 698 1368; x_wconf 90' lang='lat' dir='ltr'>non</span> <span class='ocrx_word' id='word_1_142' title='bbox 730 1335 907 1380; x_wconf 88' lang='lat' dir='ltr'>poterat,</span> <span class='ocrx_word' id='word_1_143' title='bbox 949 1332 1045 1382; x_wconf 88' lang='lat' dir='ltr'>quin</span> <span class='ocrx_word' id='word_1_144' title='bbox 1085 1342 1202 1381; x_wconf 80' lang='lat' dir='ltr'>saepe</span> <span class='ocrx_word' id='word_1_145' title='bbox 1234 1331 1275 1368; x_wconf 91' lang='lat' dir='ltr'>in</span> <span class='ocrx_word' id='word_1_146' title='bbox 1308 1330 1490 1369; x_wconf 85' lang='lat' dir='ltr'>diuersas</span> <span class='ocrx_word' id='word_1_147' title='bbox 1521 1334 1654 1381; x_wconf 86' lang='lat' dir='ltr'>partes</span> <span class='ocrx_word' id='word_1_148' title='bbox 1685 1341 1766 1367; x_wconf 88' lang='lat' dir='ltr'>me-</span> 
     </span>
     <span class='ocr_line' id='line_1_18' title="bbox 244 1397 1767 1437; baseline 0.001 -3"><span class='ocrx_word' id='word_1_149' title='bbox 244 1399 367 1435; x_wconf 88' lang='lat' dir='ltr'>moria</span> <span class='ocrx_word' id='word_1_150' title='bbox 402 1397 638 1436; x_wconf 86' lang='lat' dir='ltr'>discederet.</span> <span class='ocrx_word' id='word_1_151' title='bbox 702 1410 791 1435; x_wconf 90' lang='lat' dir='ltr'>nam</span> <span class='ocrx_word' id='word_1_152' title='bbox 823 1402 979 1437; x_wconf 87' lang='lat' dir='ltr'>constat</span> <span class='ocrx_word' id='word_1_153' title='bbox 1010 1398 1115 1436; x_wconf 89' lang='lat' dir='ltr'>haud</span> <span class='ocrx_word' id='word_1_154' title='bbox 1136 1410 1227 1436; x_wconf 87' lang='lat' dir='ltr'>raro</span> <span class='ocrx_word' id='word_1_155' title='bbox 1248 1402 1371 1436; x_wconf 83' lang='lat' dir='ltr'>testes</span> <span class='ocrx_word' id='word_1_156' title='bbox 1394 1398 1571 1437; x_wconf 86' lang='lat' dir='ltr'>oculatos</span> <span class='ocrx_word' id='word_1_157' title='bbox 1602 1397 1767 1436; x_wconf 88' lang='lat' dir='ltr'>eandem</span> 
     </span>
     <span class='ocr_line' id='line_1_19' title="bbox 245 1465 1767 1516; baseline 0.001 -14"><span class='ocrx_word' id='word_1_158' title='bbox 245 1477 325 1502; x_wconf 91' lang='lat' dir='ltr'>rem</span> <span class='ocrx_word' id='word_1_159' title='bbox 367 1466 582 1503; x_wconf 85' lang='lat' dir='ltr'>memoriae</span> <span class='ocrx_word' id='word_1_160' title='bbox 623 1465 837 1516; x_wconf 85' lang='lat' dir='ltr'>prodentes</span> <span class='ocrx_word' id='word_1_161' title='bbox 879 1467 983 1504; x_wconf 91' lang='lat' dir='ltr'>inter</span> <span class='ocrx_word' id='word_1_162' title='bbox 1028 1478 1069 1503; x_wconf 91' lang='lat' dir='ltr'>se</span> <span class='ocrx_word' id='word_1_163' title='bbox 1110 1466 1381 1516; x_wconf 80' lang='lat' dir='ltr'>discrepasse,</span> <span class='ocrx_word' id='word_1_164' title='bbox 1424 1465 1569 1504; x_wconf 86' lang='lat' dir='ltr'>nedum</span> <span class='ocrx_word' id='word_1_165' title='bbox 1601 1477 1669 1503; x_wconf 88' lang='lat' dir='ltr'>eos</span> <span class='ocrx_word' id='word_1_166' title='bbox 1700 1465 1767 1516; x_wconf 87' lang='lat' dir='ltr'>qui</span> 
     </span>
     <span class='ocr_line' id='line_1_20' title="bbox 245 1532 1768 1584; baseline 0 -14"><span class='ocrx_word' id='word_1_167' title='bbox 245 1539 395 1570; x_wconf 85' lang='lat' dir='ltr'>tantum</span> <span class='ocrx_word' id='word_1_168' title='bbox 427 1532 542 1570; x_wconf 90' lang='lat' dir='ltr'>modo</span> <span class='ocrx_word' id='word_1_169' title='bbox 575 1533 834 1571; x_wconf 87' lang='lat' dir='ltr'>audiuissent.</span> <span class='ocrx_word' id='word_1_170' title='bbox 897 1533 994 1571; x_wconf 90' lang='lat' dir='ltr'>adde</span> <span class='ocrx_word' id='word_1_171' title='bbox 1033 1533 1136 1584; x_wconf 88' lang='lat' dir='ltr'>quod</span> <span class='ocrx_word' id='word_1_172' title='bbox 1175 1538 1258 1571; x_wconf 88' lang='lat' dir='ltr'>tum</span> <span class='ocrx_word' id='word_1_173' title='bbox 1291 1535 1409 1572; x_wconf 89' lang='lat' dir='ltr'>etiam</span> <span class='ocrx_word' id='word_1_174' title='bbox 1443 1534 1583 1572; x_wconf 88' lang='lat' dir='ltr'>Graeci</span> <span class='ocrx_word' id='word_1_175' title='bbox 1615 1534 1768 1571; x_wconf 90' lang='lat' dir='ltr'>animos</span> 
     </span>
     <span class='ocr_line' id='line_1_21' title="bbox 243 1599 1766 1652; baseline 0.001 -15"><span class='ocrx_word' id='word_1_176' title='bbox 243 1601 288 1638; x_wconf 88' lang='lat' dir='ltr'>ad</span> <span class='ocrx_word' id='word_1_177' title='bbox 323 1613 386 1637; x_wconf 78' lang='lat' dir='ltr'>res</span> <span class='ocrx_word' id='word_1_178' title='bbox 417 1599 612 1638; x_wconf 81' lang='lat' dir='ltr'>Romanas</span> <span class='ocrx_word' id='word_1_179' title='bbox 644 1600 852 1639; x_wconf 85' lang='lat' dir='ltr'>aduertere</span> <span class='ocrx_word' id='word_1_180' title='bbox 885 1606 1001 1652; x_wconf 87' lang='lat' dir='ltr'>atque</span> <span class='ocrx_word' id='word_1_181' title='bbox 1040 1613 1336 1651; x_wconf 87' lang='lat' dir='ltr'>nonnumquam</span> <span class='ocrx_word' id='word_1_182' title='bbox 1373 1600 1420 1639; x_wconf 88' lang='lat' dir='ltr'>ab</span> <span class='ocrx_word' id='word_1_183' title='bbox 1451 1601 1624 1649; x_wconf 87' lang='lat' dir='ltr'>hostium</span> <span class='ocrx_word' id='word_1_184' title='bbox 1656 1605 1766 1652; x_wconf 89' lang='lat' dir='ltr'>parte</span> 
     </span>
     <span class='ocr_line' id='line_1_22' title="bbox 244 1668 1765 1720; baseline 0.001 -15"><span class='ocrx_word' id='word_1_185' title='bbox 244 1668 478 1717; x_wconf 72' lang='lat' dir='ltr'>infestisque</span> <span class='ocrx_word' id='word_1_186' title='bbox 511 1669 654 1706; x_wconf 84' lang='lat' dir='ltr'>animis</span> <span class='ocrx_word' id='word_1_187' title='bbox 686 1681 750 1706; x_wconf 89' lang='lat' dir='ltr'>eas</span> <span class='ocrx_word' id='word_1_188' title='bbox 791 1668 1020 1707; x_wconf 72' lang='lat' dir='ltr'>describere</span> <span class='ocrx_word' id='word_1_189' title='bbox 1053 1674 1284 1719; x_wconf 88' lang='lat' dir='ltr'>coeperunt.</span> <span class='ocrx_word' id='word_1_190' title='bbox 1346 1670 1478 1720; x_wconf 87' lang='lat' dir='ltr'>itaque</span> <span class='ocrx_word' id='word_1_191' title='bbox 1501 1681 1590 1707; x_wconf 88' lang='lat' dir='ltr'>cum</span> <span class='ocrx_word' id='word_1_192' title='bbox 1622 1668 1669 1707; x_wconf 90' lang='lat' dir='ltr'>de</span> <span class='ocrx_word' id='word_1_193' title='bbox 1701 1680 1765 1706; x_wconf 88' lang='lat' dir='ltr'>su-</span> 
     </span>
     <span class='ocr_line' id='line_1_23' title="bbox 244 1734 1767 1787; baseline 0.002 -15"><span class='ocrx_word' id='word_1_194' title='bbox 244 1734 471 1786; x_wconf 81' lang='lat' dir='ltr'>perioribus</span> <span class='ocrx_word' id='word_1_195' title='bbox 502 1735 750 1786; x_wconf 84' lang='lat' dir='ltr'>temporibus</span> <span class='ocrx_word' id='word_1_196' title='bbox 783 1737 897 1787; x_wconf 90' lang='lat' dir='ltr'>parui</span> <span class='ocrx_word' id='word_1_197' title='bbox 931 1736 1192 1780; x_wconf 85' lang='lat' dir='ltr'>interfuisset,</span> <span class='ocrx_word' id='word_1_198' title='bbox 1226 1737 1314 1787; x_wconf 89' lang='lat' dir='ltr'>quis</span> <span class='ocrx_word' id='word_1_199' title='bbox 1345 1738 1596 1787; x_wconf 87' lang='lat' dir='ltr'>potissimum</span> <span class='ocrx_word' id='word_1_200' title='bbox 1628 1741 1767 1775; x_wconf 90' lang='lat' dir='ltr'>auctor</span> 
     </span>
     <span class='ocr_line' id='line_1_24' title="bbox 244 1802 1766 1854; baseline 0.003 -15"><span class='ocrx_word' id='word_1_201' title='bbox 244 1802 500 1840; x_wconf 80' lang='lat' dir='ltr'>adhiberetur</span> <span class='ocrx_word' id='word_1_202' title='bbox 531 1825 587 1829; x_wconf 88' lang='lat'>—</span> <span class='ocrx_word' id='word_1_203' title='bbox 617 1804 718 1854; x_wconf 92' lang='lat' dir='ltr'>apud</span> <span class='ocrx_word' id='word_1_204' title='bbox 758 1816 894 1842; x_wconf 87' lang='lat' dir='ltr'>omnes</span> <span class='ocrx_word' id='word_1_205' title='bbox 926 1805 1032 1842; x_wconf 88' lang='lat' dir='ltr'>enim</span> <span class='ocrx_word' id='word_1_206' title='bbox 1064 1804 1198 1843; x_wconf 89' lang='lat' dir='ltr'>eadem</span> <span class='ocrx_word' id='word_1_207' title='bbox 1231 1806 1316 1843; x_wconf 88' lang='lat' dir='ltr'>fere</span> <span class='ocrx_word' id='word_1_208' title='bbox 1355 1804 1588 1854; x_wconf 83' lang='lat' dir='ltr'>legebantur</span> <span class='ocrx_word' id='word_1_209' title='bbox 1626 1827 1683 1831; x_wconf 89' lang='lat'><strong>—</strong></span> <span class='ocrx_word' id='word_1_210' title='bbox 1719 1803 1766 1842; x_wconf 86' lang='lat' dir='ltr'>de</span> 
     </span>
     <span class='ocr_line' id='line_1_25' title="bbox 245 1870 1765 1923; baseline 0.002 -16"><span class='ocrx_word' id='word_1_211' title='bbox 245 1870 564 1920; x_wconf 72' lang='lat' dir='ltr'>Insequentibus,</span> <span class='ocrx_word' id='word_1_212' title='bbox 605 1872 790 1921; x_wconf 89' lang='lat' dir='ltr'>quoniam</span> <span class='ocrx_word' id='word_1_213' title='bbox 834 1872 995 1910; x_wconf 87' lang='lat' dir='ltr'>testium</span> <span class='ocrx_word' id='word_1_214' title='bbox 1033 1873 1206 1911; x_wconf 86' lang='lat' dir='ltr'>uarietas</span> <span class='ocrx_word' id='word_1_215' title='bbox 1246 1874 1313 1910; x_wconf 90' lang='lat' dir='ltr'>uix</span> <span class='ocrx_word' id='word_1_216' title='bbox 1352 1884 1588 1923; x_wconf 86' lang='lat' dir='ltr'>quemquam</span> <span class='ocrx_word' id='word_1_217' title='bbox 1628 1873 1765 1922; x_wconf 84' lang='lat' dir='ltr'>fugere</span> 
     </span>
     <span class='ocr_line' id='line_1_26' title="bbox 245 1938 1764 1989; baseline 0.003 -16"><span class='ocrx_word' id='word_1_218' title='bbox 245 1943 409 1988; x_wconf 82' lang='lat' dir='ltr'>poterat,</span> <span class='ocrx_word' id='word_1_219' title='bbox 444 1939 500 1975; x_wconf 82' lang='lat' dir='ltr'>eis</span> <span class='ocrx_word' id='word_1_220' title='bbox 533 1939 599 1987; x_wconf 90' lang='lat' dir='ltr'>qui</span> <span class='ocrx_word' id='word_1_221' title='bbox 632 1938 677 1975; x_wconf 90' lang='lat' dir='ltr'>ad</span> <span class='ocrx_word' id='word_1_222' title='bbox 711 1939 918 1977; x_wconf 79' lang='lat' dir='ltr'>historiam</span> <span class='ocrx_word' id='word_1_223' title='bbox 951 1952 1037 1978; x_wconf 85' lang='lat' dir='ltr'>sese</span> <span class='ocrx_word' id='word_1_224' title='bbox 1070 1940 1348 1989; x_wconf 78' lang='lat' dir='ltr'>adcingerent,</span> <span class='ocrx_word' id='word_1_225' title='bbox 1391 1946 1479 1979; x_wconf 89' lang='lat' dir='ltr'>ante</span> <span class='ocrx_word' id='word_1_226' title='bbox 1512 1941 1643 1978; x_wconf 88' lang='lat' dir='ltr'>onmia</span> <span class='ocrx_word' id='word_1_227' title='bbox 1675 1952 1764 1978; x_wconf 90' lang='lat' dir='ltr'>cum</span> 
     </span>
     <span class='ocr_line' id='line_1_27' title="bbox 244 2006 1766 2059; baseline 0.005 -20"><span class='ocrx_word' id='word_1_228' title='bbox 244 2018 336 2042; x_wconf 77' lang='lat' dir='ltr'>rura</span> <span class='ocrx_word' id='word_1_229' title='bbox 370 2011 407 2043; x_wconf 66' lang='lat' dir='ltr'>et,</span> <span class='ocrx_word' id='word_1_230' title='bbox 439 2006 798 2055; x_wconf 80' lang='lat' dir='ltr'>circumspectione</span> <span class='ocrx_word' id='word_1_231' title='bbox 821 2006 964 2057; x_wconf 90' lang='grc'>1111111115</span> <span class='ocrx_word' id='word_1_232' title='bbox 986 2012 1123 2045; x_wconf 82' lang='lat' dir='ltr'>auctor</span> <span class='ocrx_word' id='word_1_233' title='bbox 1145 2013 1229 2045; x_wconf 89' lang='lat' dir='ltr'>erat.</span> <span class='ocrx_word' id='word_1_234' title='bbox 1261 2008 1481 2057; x_wconf 51' lang='lat' dir='ltr'>eligendis,</span> <span class='ocrx_word' id='word_1_235' title='bbox 1515 2010 1580 2046; x_wconf 90' lang='lat' dir='ltr'>cui</span> <span class='ocrx_word' id='word_1_236' title='bbox 1603 2013 1766 2059; x_wconf 85' lang='lat' dir='ltr'>propter</span> 
     </span>
     <span class='ocr_line' id='line_1_28' title="bbox 246 2072 1763 2125; baseline 0.003 -16"><span class='ocrx_word' id='word_1_237' title='bbox 246 2073 359 2110; x_wconf 87' lang='lat' dir='ltr'>tidem</span> <span class='ocrx_word' id='word_1_238' title='bbox 392 2072 454 2109; x_wconf 85' lang='lat' dir='ltr'>uel</span> <span class='ocrx_word' id='word_1_239' title='bbox 487 2072 583 2109; x_wconf 89' lang='lat' dir='ltr'>alias</span> <span class='ocrx_word' id='word_1_240' title='bbox 617 2074 785 2111; x_wconf 83' lang='lat' dir='ltr'>uirtutes</span> <span class='ocrx_word' id='word_1_241' title='bbox 819 2076 1030 2125; x_wconf 80' lang='lat' dir='ltr'>praecipue</span> <span class='ocrx_word' id='word_1_242' title='bbox 1063 2088 1148 2113; x_wconf 84' lang='lat' dir='ltr'>sese</span> <span class='ocrx_word' id='word_1_243' title='bbox 1171 2075 1414 2114; x_wconf 89' lang='lat' dir='ltr'>addicerent.</span> <span class='ocrx_word' id='word_1_244' title='bbox 1458 2088 1598 2114; x_wconf 86' lang='lat' dir='ltr'>uerum</span> <span class='ocrx_word' id='word_1_245' title='bbox 1619 2081 1763 2120; x_wconf 88' lang='lat' dir='ltr'>tamen,</span> 
     </span>
     <span class='ocr_line' id='line_1_29' title="bbox 244 2141 1764 2194; baseline 0.004 -19"><span class='ocrx_word' id='word_1_246' title='bbox 244 2152 410 2191; x_wconf 88' lang='lat' dir='ltr'>quorum</span> <span class='ocrx_word' id='word_1_247' title='bbox 444 2141 658 2177; x_wconf 77' lang='lat' dir='ltr'>auctoritas</span> <span class='ocrx_word' id='word_1_248' title='bbox 692 2141 853 2191; x_wconf 88' lang='lat' dir='ltr'>plurimi</span> <span class='ocrx_word' id='word_1_249' title='bbox 885 2144 1088 2180; x_wconf 75' lang='lat' dir='ltr'>aestimata</span> <span class='ocrx_word' id='word_1_250' title='bbox 1120 2144 1343 2194; x_wconf 84' lang='lat' dir='ltr'>ceterisque</span> <span class='ocrx_word' id='word_1_251' title='bbox 1376 2144 1598 2194; x_wconf 87' lang='lat' dir='ltr'>praeposita</span> <span class='ocrx_word' id='word_1_252' title='bbox 1621 2144 1684 2187; x_wconf 87' lang='lat' dir='ltr'>sit,</span> <span class='ocrx_word' id='word_1_253' title='bbox 1717 2143 1764 2181; x_wconf 88' lang='lat' dir='ltr'>de</span> 
     </span>
     <span class='ocr_line' id='line_1_30' title="bbox 245 2207 1763 2253; baseline 0.005 -11"><span class='ocrx_word' id='word_1_254' title='bbox 245 2221 287 2244; x_wconf 81' lang='lat' dir='ltr'>ea</span> <span class='ocrx_word' id='word_1_255' title='bbox 322 2220 375 2250; x_wconf 85' lang='lat' dir='ltr'>re,</span> <span class='ocrx_word' id='word_1_256' title='bbox 409 2219 456 2244; x_wconf 89' lang='grc'>111·</span> <span class='ocrx_word' id='word_1_257' title='bbox 490 2207 765 2246; x_wconf 76' lang='grc'>1111111111111111115</span> <span class='ocrx_word' id='word_1_258' title='bbox 798 2210 948 2247; x_wconf 73' lang='lat' dir='ltr'>crimen</span> <span class='ocrx_word' id='word_1_259' title='bbox 982 2209 1206 2253; x_wconf 83' lang='lat' dir='ltr'>subeamus,</span> <span class='ocrx_word' id='word_1_260' title='bbox 1241 2210 1304 2247; x_wconf 91' lang='lat' dir='ltr'>uel</span> <span class='ocrx_word' id='word_1_261' title='bbox 1336 2212 1565 2249; x_wconf 83' lang='lat' dir='ltr'>coniectura</span> <span class='ocrx_word' id='word_1_262' title='bbox 1589 2210 1763 2249; x_wconf 81' lang='lat' dir='ltr'>abstine-</span> 
     </span>
     <span class='ocr_line' id='line_1_31' title="bbox 247 2274 1763 2329; baseline 0.003 -18"><span class='ocrx_word' id='word_1_263' title='bbox 247 2274 375 2312; x_wconf 73' lang='lat' dir='ltr'>bimus</span> <span class='ocrx_word' id='word_1_264' title='bbox 405 2297 460 2300; x_wconf 86' lang='lat'>—</span> <span class='ocrx_word' id='word_1_265' title='bbox 490 2287 722 2325; x_wconf 87' lang='lat' dir='ltr'>quamquam</span> <span class='ocrx_word' id='word_1_266' title='bbox 756 2275 920 2314; x_wconf 83' lang='lat' dir='ltr'>Fabium</span> <span class='ocrx_word' id='word_1_267' title='bbox 954 2278 1029 2314; x_wconf 91' lang='lat' dir='ltr'>iam</span> <span class='ocrx_word' id='word_1_268' title='bbox 1052 2282 1134 2315; x_wconf 86' lang='grc'>111111</span> <span class='ocrx_word' id='word_1_269' title='bbox 1167 2282 1330 2328; x_wconf 89' lang='lat' dir='ltr'>propter</span> <span class='ocrx_word' id='word_1_270' title='bbox 1353 2279 1631 2329; x_wconf 87' lang='lat' dir='ltr'>antiquitatem</span> <span class='ocrx_word' id='word_1_271' title='bbox 1653 2290 1763 2316; x_wconf 86' lang='lat' dir='ltr'>suam</span> 
     </span>
     <span class='ocr_line' id='line_1_32' title="bbox 245 2341 1763 2384; baseline 0.003 -5"><span class='ocrx_word' id='word_1_272' title='bbox 245 2343 410 2380; x_wconf 92' lang='lat' dir='ltr'>multum</span> <span class='ocrx_word' id='word_1_273' title='bbox 443 2341 665 2379; x_wconf 87' lang='lat' dir='ltr'>adhibitum</span> <span class='ocrx_word' id='word_1_274' title='bbox 697 2354 782 2381; x_wconf 85' lang='lat' dir='ltr'>esse</span> <span class='ocrx_word' id='word_1_275' title='bbox 815 2348 923 2381; x_wconf 85' lang='lat' dir='ltr'>certe</span> <span class='ocrx_word' id='word_1_276' title='bbox 956 2345 1041 2381; x_wconf 88' lang='lat' dir='ltr'>ueri</span> <span class='ocrx_word' id='word_1_277' title='bbox 1074 2344 1203 2382; x_wconf 88' lang='lat' dir='ltr'>simile</span> <span class='ocrx_word' id='word_1_278' title='bbox 1236 2350 1294 2382; x_wconf 91' lang='lat' dir='ltr'>est</span> <span class='ocrx_word' id='word_1_279' title='bbox 1325 2367 1392 2381; x_wconf 70' lang='lat'>—.</span> <span class='ocrx_word' id='word_1_280' title='bbox 1441 2345 1486 2383; x_wconf 90' lang='lat' dir='ltr'>de</span> <span class='ocrx_word' id='word_1_281' title='bbox 1519 2358 1597 2383; x_wconf 91' lang='lat' dir='ltr'>uno</span> <span class='ocrx_word' id='word_1_282' title='bbox 1631 2345 1763 2384; x_wconf 84' lang='lat' dir='ltr'>Coelio</span> 
     </span>
     <span class='ocr_line' id='line_1_33' title="bbox 245 2410 1763 2463; baseline 0.002 -15"><span class='ocrx_word' id='word_1_283' title='bbox 245 2411 450 2460; x_wconf 74' lang='lat' dir='ltr'>Antipatro</span> <span class='ocrx_word' id='word_1_284' title='bbox 491 2410 660 2446; x_wconf 75' lang='lat' dir='ltr'>certiora</span> <span class='ocrx_word' id='word_1_285' title='bbox 704 2412 970 2460; x_wconf 85' lang='lat' dir='ltr'>conperimus.</span> <span class='ocrx_word' id='word_1_286' title='bbox 1034 2411 1100 2448; x_wconf 85' lang='lat' dir='ltr'>sed</span> <span class='ocrx_word' id='word_1_287' title='bbox 1144 2411 1237 2449; x_wconf 87' lang='lat' dir='ltr'>huic</span> <span class='ocrx_word' id='word_1_288' title='bbox 1283 2413 1359 2461; x_wconf 86' lang='lat' dir='ltr'>ipsi</span> <span class='ocrx_word' id='word_1_289' title='bbox 1406 2412 1471 2450; x_wconf 90' lang='lat' dir='ltr'>illa</span> <span class='ocrx_word' id='word_1_290' title='bbox 1511 2414 1619 2463; x_wconf 87' lang='lat' dir='ltr'>optio</span> <span class='ocrx_word' id='word_1_291' title='bbox 1660 2412 1763 2451; x_wconf 87' lang='lat' dir='ltr'>haud</span> 
     </span>
     <span class='ocr_line' id='line_1_34' title="bbox 246 2477 1761 2518; baseline 0.002 -3"><span class='ocrx_word' id='word_1_292' title='bbox 246 2477 415 2515; x_wconf 71' lang='lat' dir='ltr'>feliciter</span> <span class='ocrx_word' id='word_1_293' title='bbox 448 2477 579 2514; x_wconf 77' lang='lat' dir='ltr'>cessit.</span> <span class='ocrx_word' id='word_1_294' title='bbox 642 2489 729 2514; x_wconf 90' lang='lat' dir='ltr'>nam</span> <span class='ocrx_word' id='word_1_295' title='bbox 763 2490 851 2515; x_wconf 87' lang='lat' dir='ltr'>cum</span> <span class='ocrx_word' id='word_1_296' title='bbox 884 2477 1031 2515; x_wconf 86' lang='lat' dir='ltr'>bellum</span> <span class='ocrx_word' id='word_1_297' title='bbox 1064 2477 1369 2516; x_wconf 88' lang='lat' dir='ltr'>Hannibalicum</span> <span class='ocrx_word' id='word_1_298' title='bbox 1409 2478 1608 2517; x_wconf 88' lang='lat' dir='ltr'>rhetorice</span> <span class='ocrx_word' id='word_1_299' title='bbox 1647 2480 1761 2518; x_wconf 87' lang='lat' dir='ltr'>ador-</span> 
     </span>
     <span class='ocr_line' id='line_1_35' title="bbox 246 2544 1761 2588; baseline 0.003 -7"><span class='ocrx_word' id='word_1_300' title='bbox 246 2550 410 2582; x_wconf 81' lang='lat' dir='ltr'>naturus</span> <span class='ocrx_word' id='word_1_301' title='bbox 442 2549 556 2586; x_wconf 77' lang='lat' dir='ltr'>esset,</span> <span class='ocrx_word' id='word_1_302' title='bbox 592 2544 733 2581; x_wconf 76' lang='lat' dir='ltr'>incidit</span> <span class='ocrx_word' id='word_1_303' title='bbox 765 2545 803 2582; x_wconf 95' lang='lat' dir='ltr'>in</span> <span class='ocrx_word' id='word_1_304' title='bbox 827 2544 1017 2588; x_wconf 87' lang='lat' dir='ltr'>Silenum,</span> <span class='ocrx_word' id='word_1_305' title='bbox 1052 2545 1251 2582; x_wconf 87' lang='lat' dir='ltr'>hominem</span> <span class='ocrx_word' id='word_1_306' title='bbox 1284 2545 1479 2584; x_wconf 83' lang='lat' dir='ltr'>Graecum</span> <span class='ocrx_word' id='word_1_307' title='bbox 1509 2546 1761 2585; x_wconf 86' lang='lat' dir='ltr'>Hannibalis-</span> 
     </span>
     <span class='ocr_line' id='line_1_36' title="bbox 245 2611 1762 2664; baseline 0.003 -17"><span class='ocrx_word' id='word_1_308' title='bbox 245 2625 318 2662; x_wconf 82' lang='lat' dir='ltr'>que</span> <span class='ocrx_word' id='word_1_309' title='bbox 358 2611 637 2649; x_wconf 79' lang='lat' dir='ltr'>admiratorem</span> <span class='ocrx_word' id='word_1_310' title='bbox 677 2616 715 2648; x_wconf 85' lang='lat' dir='ltr'>et</span> <span class='ocrx_word' id='word_1_311' title='bbox 754 2617 955 2648; x_wconf 77' lang='lat' dir='ltr'>auctorem</span> <span class='ocrx_word' id='word_1_312' title='bbox 1002 2611 1125 2649; x_wconf 90' lang='lat' dir='ltr'>malae.</span> <span class='ocrx_word' id='word_1_313' title='bbox 1167 2611 1278 2657; x_wconf 77' lang='lat' dir='ltr'>fidei,</span> <span class='ocrx_word' id='word_1_314' title='bbox 1319 2624 1486 2664; x_wconf 81' lang='lat' dir='ltr'>eumque</span> <span class='ocrx_word' id='word_1_315' title='bbox 1527 2614 1762 2664; x_wconf 88' lang='lat' dir='ltr'>primarium</span> 
     </span>
     <span class='ocr_line' id='line_1_37' title="bbox 246 2678 1760 2729; baseline 0.003 -15"><span class='ocrx_word' id='word_1_316' title='bbox 246 2679 383 2716; x_wconf 81' lang='lat' dir='ltr'>‹lm-em</span> <span class='ocrx_word' id='word_1_317' title='bbox 418 2684 576 2717; x_wconf 77' lang='lat' dir='ltr'>secutus</span> <span class='ocrx_word' id='word_1_318' title='bbox 609 2678 728 2717; x_wconf 91' lang='lat' dir='ltr'>multa</span> <span class='ocrx_word' id='word_1_319' title='bbox 763 2684 910 2716; x_wconf 86' lang='lat' dir='ltr'>temere</span> <span class='ocrx_word' id='word_1_320' title='bbox 943 2691 988 2716; x_wconf 83' lang='lat' dir='ltr'>ex</span> <span class='ocrx_word' id='word_1_321' title='bbox 1021 2680 1133 2723; x_wconf 85' lang='lat' dir='ltr'>sama,</span> <span class='ocrx_word' id='word_1_322' title='bbox 1167 2679 1295 2729; x_wconf 85' lang='lat' dir='ltr'>qualis</span> <span class='ocrx_word' id='word_1_323' title='bbox 1327 2679 1374 2717; x_wconf 89' lang='lat' dir='ltr'>ab</span> <span class='ocrx_word' id='word_1_324' title='bbox 1397 2679 1632 2719; x_wconf 86' lang='lat' dir='ltr'>Hannibalis</span> <span class='ocrx_word' id='word_1_325' title='bbox 1665 2682 1760 2719; x_wconf 87' lang='lat' dir='ltr'>ami-</span> 
     </span>
     <span class='ocr_line' id='line_1_38' title="bbox 245 2746 1762 2790; baseline 0.004 -9"><span class='ocrx_word' id='word_1_326' title='bbox 245 2748 302 2783; x_wconf 71' lang='lat' dir='ltr'>eis</span> <span class='ocrx_word' id='word_1_327' title='bbox 344 2748 430 2783; x_wconf 73' lang='grc'>111111</span> <span class='ocrx_word' id='word_1_328' title='bbox 469 2751 574 2790; x_wconf 86' lang='lat' dir='ltr'>erat,</span> <span class='ocrx_word' id='word_1_329' title='bbox 620 2748 659 2784; x_wconf 93' lang='lat' dir='ltr'>in</span> <span class='ocrx_word' id='word_1_330' title='bbox 699 2747 927 2784; x_wconf 87' lang='lat' dir='ltr'>memoriam</span> <span class='ocrx_word' id='word_1_331' title='bbox 975 2746 1187 2784; x_wconf 80' lang='lat' dir='ltr'>Romanam</span> <span class='ocrx_word' id='word_1_332' title='bbox 1236 2748 1400 2786; x_wconf 81' lang='lat' dir='ltr'>inuexit.</span> <span class='ocrx_word' id='word_1_333' title='bbox 1469 2748 1593 2786; x_wconf 82' lang='lat' dir='ltr'>fuisse</span> <span class='ocrx_word' id='word_1_334' title='bbox 1632 2752 1762 2787; x_wconf 86' lang='lat' dir='ltr'>autem</span> 
     </span>
     <span class='ocr_line' id='line_1_39' title="bbox 245 2813 1761 2866; baseline 0.001 -16"><span class='ocrx_word' id='word_1_335' title='bbox 245 2813 411 2851; x_wconf 89' lang='lat' dir='ltr'>eundem</span> <span class='ocrx_word' id='word_1_336' title='bbox 444 2819 596 2852; x_wconf 71' lang='lat' dir='ltr'>constat</span> <span class='ocrx_word' id='word_1_337' title='bbox 627 2813 863 2852; x_wconf 85' lang='lat' dir='ltr'>historicum</span> <span class='ocrx_word' id='word_1_338' title='bbox 894 2826 973 2851; x_wconf 89' lang='lat' dir='ltr'>non</span> <span class='ocrx_word' id='word_1_339' title='bbox 1004 2814 1337 2853; x_wconf 86' lang='lat' dir='ltr'>contemnendum</span> <span class='ocrx_word' id='word_1_340' title='bbox 1369 2827 1460 2859; x_wconf 87' lang='lat' dir='ltr'>nec,</span> <span class='ocrx_word' id='word_1_341' title='bbox 1502 2827 1550 2853; x_wconf 89' lang='lat' dir='ltr'>ne</span> <span class='ocrx_word' id='word_1_342' title='bbox 1589 2815 1681 2866; x_wconf 87' lang='lat' dir='ltr'>quid</span> <span class='ocrx_word' id='word_1_343' title='bbox 1714 2815 1761 2853; x_wconf 88' lang='lat' dir='ltr'>de</span> 
     </span>
     <span class='ocr_line' id='line_1_40' title="bbox 245 2880 1760 2932; baseline 0.002 -15"><span class='ocrx_word' id='word_1_344' title='bbox 245 2882 332 2918; x_wconf 67' lang='lat' dir='ltr'>eius</span> <span class='ocrx_word' id='word_1_345' title='bbox 365 2880 555 2930; x_wconf 73' lang='lat' dir='ltr'>dignitate</span> <span class='ocrx_word' id='word_1_346' title='bbox 589 2883 733 2920; x_wconf 84' lang='lat' dir='ltr'>iniuste</span> <span class='ocrx_word' id='word_1_347' title='bbox 765 2881 1006 2926; x_wconf 87' lang='lat' dir='ltr'>detrahatur,</span> <span class='ocrx_word' id='word_1_348' title='bbox 1040 2882 1439 2932; x_wconf 87' lang='lat' dir='ltr'>praetermittendum</span> <span class='ocrx_word' id='word_1_349' title='bbox 1471 2887 1550 2927; x_wconf 87' lang='lat' dir='ltr'>est,</span> <span class='ocrx_word' id='word_1_350' title='bbox 1590 2894 1682 2921; x_wconf 88' lang='lat' dir='ltr'>eum</span> <span class='ocrx_word' id='word_1_351' title='bbox 1713 2881 1760 2920; x_wconf 88' lang='lat' dir='ltr'>de</span> 
     </span>
    </p>
   </div>
  </div>
 </body>
</html>
