1884 3213
228 185 309 225 ‘288
846 185 1146 226 RELLIQVIAE

337 297 413 338 71.
456 299 561 338 Non.
602 311 633 337 3.
676 312 713 338 u.
754 305 933 338 macerae
966 312 1011 348 p.
1051 296 1133 338 556
1172 299 1280 338 Idem
1315 297 1517 354 [Se‘senna]
1561 300 1630 339 lil).
1662 300 1754 339 1111:

221 367 324 405 Galli
356 366 580 405 materihus
612 373 679 406 aut
710 367 862 406 lanceis
894 373 1025 406 tamen
1057 368 1234 406 medium
1267 367 1506 419 perturbant
1537 380 1690 418 agmen.

338 431 407 473 72.
455 434 559 473 Non.
607 447 638 473 3.
679 447 718 472 u.
766 437 1032 474 molimentum
1072 447 1116 484 p.
1159 432 1238 473 142
1283 435 1451 474 Sisenna
1497 435 1756 474 historiarum

223 501 327 540 libro
340 502 430 540 llll:
451 502 596 541 Contra
614 514 756 553 magno
775 515 864 542 cum
883 503 1114 541 molimento
1133 515 1176 541 ac
1192 509 1386 554 perpetuo
1404 516 1503 542 sonu
1522 496 1756 555 procedunt.

338 567 410 610 73.
451 571 558 609 Non.
591 583 622 609 3.
656 583 694 610 u.
726 571 912 620 expedite·
936 583 979 619 p.
1011 568 1065 609 58
1105 570 1271 610 Sisenna
1302 571 1494 610 historiae
1526 571 1632 610 libro
1663 571 1753 610 1111:
1788 586 1804 611 5

223 638 401 677 Inermos
447 640 610 683 armati,
658 639 870 690 impeditos
916 638 1092 690 expediti
1141 640 1226 677 sine
1272 638 1354 678 ullo
1391 651 1554 678 suorum
1593 640 1758 678 uulnere

225 712 393 745 cunctos
426 706 688 745 interficiunt.

338 771 412 813 74.
445 775 549 813 Non.
581 787 612 813 3.
646 787 684 813 u.
718 776 937 814 amolimini
964 786 1004 824 p.
1030 771 1083 814 73
1115 774 1282 814 Sisenna
1314 775 1506 814 historiae
1537 774 1642 814 libro
1664 774 1756 818 IIII:

225 841 561 893 Impedimentum
595 855 710 881 omne
744 842 790 881 de
823 844 981 882 cunctis
1012 842 1228 881 itineribus
1259 843 1517 881 amoliuntur.

337 907 410 949 75.
442 910 547 949 Nou.
569 922 600 949 3.
624 923 662 949 u.
686 911 892 949 dubilatim
906 922 952 960 p.
976 908 1029 949 98
1062 910 1228 949 Sisenna
1250 910 1509 949 historiarum
1532 910 1637 950 libro
1661 910 1751 949 IIII:
1774 927 1803 951 10

222 978 334 1024 Quod
375 978 527 1017 hostem
574 991 652 1017 non
694 978 906 1017 dnhitatim
944 991 1034 1017 cum
1074 978 1221 1029 pluteis
1261 991 1305 1017 ac
1345 978 1464 1018 scalis
1506 980 1582 1017 iter
1622 980 1755 1017 facere

225 1046 429 1085 cernebat.

341 1111 413 1152 76.
449 1114 552 1153 Non,
584 1126 615 1152 3.
647 1127 685 1153 u.
714 1125 844 1163 pecua
875 1118 914 1152 et
935 1115 1100 1163 pecuda
1123 1126 1168 1163 p.
1196 1111 1274 1153 159
1306 1114 1474 1153 Sisenna
1495 1114 1755 1153 historiarmn

225 1180 331 1219 libro
364 1181 455 1219 llll:
491 1182 671 1221 Iumenta
703 1182 856 1234 pecuda
888 1182 989 1221 locis
1020 1181 1223 1233 trepidare
1256 1181 1543 1233 compluribus.

336 1246 409 1288 77.
441 1250 544 1289 Non.
568 1262 599 1288 3.
623 1262 660 1287 u.
683 1251 910 1289 conducere
922 1261 968 1298 p.
991 1247 1076 1288 274
1097 1249 1263 1288 Sisenna
1286 1249 1545 1288 historiarum
1567 1248 1637 1288 lih.
1661 1249 1750 1288 1111:
1772 1264 1803 1289 15

223 1316 326 1362 Quid
359 1319 398 1355 in
432 1329 516 1356 rem
548 1317 752 1369 publicam
784 1330 895 1356 suam
926 1330 1109 1356 maxume
1141 1317 1367 1357 conducere
1400 1317 1620 1357 uideretur.

337 1382 410 1424 78.
443 1386 548 1424 Non.
581 1398 612 1424 3.
645 1398 682 1424 u.
714 1387 862 1425 ciuitas
884 1398 930 1435 p.
961 1383 1046 1424 429
1077 1386 1246 1425 Sisenna
1277 1385 1370 1424 hist.
1403 1385 1474 1424 lil».
1506 1385 1597 1424 IIII:
1637 1384 1754 1423 Deni-

222 1465 296 1503 que
330 1465 420 1491 cum
453 1455 578 1492 uariis
611 1453 889 1492 uoluntatibus
920 1456 1076 1493 incerta
1106 1455 1251 1492 ciuitas
1281 1453 1513 1505 trepidaret.

337 1518 409 1561 79.
443 1522 547 1560 Non.
579 1534 610 1560 3.
643 1533 680 1560 u.
712 1527 922 1560 caementa
945 1534 991 1571 p.
1016 1518 1069 1560 92
1101 1521 1269 1560 Sisenna
1300 1521 1493 1560 historiae
1525 1521 1630 1560 libro
1661 1520 1753 1558 IIII:

221 1587 453 1628 Formidine
486 1601 715 1641 oppressus,
749 1589 852 1640 quod
885 1590 1078 1628 humilem
1111 1591 1328 1629 caementis
1351 1591 1592 1628 instructum
1615 1588 1751 1640 oppidi
1768 1602 1801 1627 20

223 1669 380 1695 murum
413 1657 577 1696 sciehat.

313 1823 374 1858 74.
414 1826 509 1858 Idem
535 1827 585 1866 fr.
611 1831 726 1858 exstat
758 1828 857 1858 etiam
886 1828 920 1858 in
950 1828 1118 1868 (slossarz‘o
1149 1828 1346 1868 Veryiliano
1372 1838 1393 1858 a
1418 1826 1564 1858 Bar—thio
1595 1826 1686 1857 edito
1719 1826 1753 1856 ὑὶ

223 1872 359 1903 aduers.
392 1873 453 1911 37,
486 1873 506 1903 5
539 1871 699 1912 (repetito
732 1884 752 1903 a
784 1872 891 1905 Lione
918 1872 1017 1904 Seru.
1046 1872 1090 1903 II
1114 1884 1149 1913 p.
1176 1873 1241 1905 373
1265 1872 1350 1914 sq),
1385 1873 1504 1904 omisso
1538 1876 1645 1903 tumen
1677 1870 1754 1902 libri

223 1927 358 1948 numero
384 1922 417 1948 et
441 1928 474 1948 u.
501 1916 544 1948 de
571 1917 727 1950 eunctis.

492 1969 511 1991 J

338 2072 421 2126 71,
455 2077 492 2114 2.
524 2077 568 2114 ali
600 2078 629 2113 L
649 2078 744 2114 WV
800 2078 856 2114 alii
890 2079 1076 2114 edebatur
1136 2077 1224 2113 Galli
1255 2080 1396 2124 scripsi
1426 2077 1479 2124 ef.
1508 2077 1566 2124 fr.
1600 2077 1665 2113 31.

224 2133 418 2169 matorihus
459 2129 526 2170 W¹
645 2131 715 2170 tan}
744 2137 780 2171 in
825 2135 857 2170 V
883 2138 972 2170 ante
1002 2140 1074 2169 aut.

338 2185 419 2239 7⁴2,
460 2190 497 2226 4.
538 2190 626 2227 Galli
665 2195 754 2227 ante
813 2197 939 2227 contra
979 2186 1035 2225 F2
1074 2191 1218 2226 addidit
1377 2202 1416 2225 ac
1447 2202 1467 2226 >iz
1498 2200 1600 2237 perp.
1642 2190 1678 2224 F
1712 2189 1751 2234 (a

223 2244 340 2295 eras.)
458 2258 545 2282 sona
578 2248 606 2282 L
628 2248 717 2283 WF
772 2258 864 2283 sono
897 2248 1082 2283 edebatur
1141 2258 1232 2282 sonu
1268 2248 1365 2283 Rom

338 2297 411 2351 73,
445 2304 481 2339 6.
515 2309 627 2339 armat
656 2304 795 2340 LWF
823 2315 926 2342 corr.
961 2304 1098 2340 Iunius
1213 2303 1392 2351 inpeditos
1424 2298 1478 2339 L¹

339 2354 413 2408 74,
446 2360 481 2396 9.
517 2360 798 2407 inpedimentum
831 2355 881 2396 L¹

338 2411 412 2464 75,
447 2417 510 2453 11.
545 2422 660 2452 ostem
702 2417 748 2451 W
861 2415 1057 2452 dubitatem
1089 2410 1142 2450 F¹
1262 2413 1358 2463 copi.
1400 2416 1447 2452 W

339 2467 411 2519 76,
446 2472 508 2508 13.
540 2483 694 2519 sysenna
724 2473 762 2508 F
877 2471 940 2508 14.
972 2471 1106 2519 trepida
1138 2467 1192 2506 L¹
1253 2472 1430 2520 trepidare
1461 2484 1531 2508 om.
1568 2471 1600 2506 F

339 2523 411 2576 77,
447 2528 509 2585 15.
542 2526 744 2576 hystoriam]
774 2528 803 2564 L
923 2528 985 2564 16.
1018 2529 1051 2563 in
1085 2540 1154 2565 om.
1178 2529 1207 2564 L
1228 2529 1318 2564 WF
1345 2529 1432 2565 add.
1464 2529 1565 2575 uuly.
1684 2537 1748 2575 pu-

224 2592 368 2644 blicam]
403 2595 474 2643 pub
506 2597 535 2631 L
594 2595 614 2631 b
646 2607 676 2632 s.
709 2598 734 2632 ἰ.
767 2599 804 2632 in
845 2596 892 2631 W

339 2647 413 2699 78,
448 2652 511 2688 18.
546 2651 801 2688 uolumtatibus
833 2649 880 2688 L¹
1027 2652 1205 2700 trepidare
1236 2652 1266 2687 L
1285 2652 1384 2688 WF.
1432 2651 1614 2699 Sequitur
1644 2650 1746 2686 Pom-

224 2709 353 2755 ponius
392 2719 472 2743 cum
513 2709 649 2744 uertice
688 2709 911 2756 superiorem
951 2708 1069 2743 locum
1108 2708 1290 2744 inscende.
1360 2709 1429 2744 sed
1463 2712 1550 2743 sunt
1588 2717 1633 2742 ea
1673 2718 1746 2742 71072

224 2765 343 2800 uerba
377 2765 583 2810 Sisennae,
618 2766 686 2800 sed
715 2766 822 2801 aliud
851 2767 1098 2800 testimonium
1129 2765 1330 2811 Pomponii
1357 2770 1507 2810 poetae.
1567 2763 1621 2810 ef.
1656 2763 1742 2799 Rib-

226 2821 321 2855 beck·
353 2831 446 2857 com.
480 2822 549 2856 rel.
579 2833 617 2866 p.
652 2820 746 2857 214.

339 2872 412 2924 79,
450 2878 510 2912 19.
543 2876 655 2911 libero
688 2873 734 2911 L'
858 2877 920 2913 20.
953 2878 1124 2912 cementis
1161 2877 1251 2913 LW
1308 2877 1479 2922 cementis
1512 2876 1548 2910 F
