1884 3213
233 182 257 220 [v

268 181 284 220 *a

289 180 313 221 rs)

848 179 1145 221 RELLIQVIAE

345 294 370 334 :3
384 294 423 335 ἐκ
462 298 565 335 I'lul.
611 295 720 334 Hom.
765 292 816 332 14
854 288 1165 344 Ἀρπασθῆναι
1214 291 1266 333 δέ
1309 303 1446 343 φασιν
1487 290 1758 346 [θυγατέρας

233 364 322 403 τῶν
367 361 598 415 Σαβίνων]
644 360 688 400 οἱ
730 359 813 414 μὲν
857 359 1096 412 τριάκοντα
1141 360 1300 412 μόνας,
1347 357 1419 413 ἀφ’
1469 352 1534 400 ὧν
1570 360 1643 401 καὶ
1681 358 1758 409 τὰς

233 430 451 482 φρατρίας
482 426 804 482 ὀνομασθῆναι,
839 423 1111 480 Οὐαλλέριος
1133 427 1180 467 δὲ
1200 424 1368 476 Ἀντίας
1389 425 1497 470 ἑπτὰ
1519 428 1591 468 καὶ
1615 430 1755 469 εἴκοσι

235 496 304 537 καὶ
343 498 662 547 πεντακοσίας,
698 493 835 548 Ἰόβαξ,ι
875 495 922 535 de
962 501 1078 549 τρεῖς
1117 494 1190 535 καὶ
1229 492 1505 549 ὀγδοήκοντα
1548 495 1621 535 καὶ
1663 495 1754 544 ἑξα-

232 566 386 613 κοσίας
415 563 687 618 παρθένους.

780 709 874 751 ΕΧ
911 708 1120 751 LIBRO
1159 709 1209 751 II

345 814 426 856 4²³².
460 816 641 855 Macrob.
674 821 748 854 sal.
781 815 808 852 I
832 812 872 858 4,
906 813 928 853 7
962 814 1089 853 Iulius
1119 814 1321 853 Modestus
1353 814 1400 852 de
1432 815 1546 853 feriis
1576 837 1631 841 —
1663 815 1755 854 eAn-

234 886 337 929 lias'‚
371 886 499 935 inquil
534 883 834 933 ‘Agonaliorum
866 888 1116 933 repertorem
1148 881 1314 920 Numam
1345 882 1585 932 Pompilium
1616 883 1753 920 refert.

346 950 389 991 5.
422 952 605 992 Macrob.
628 958 701 989 sal.
726 951 749 989 I
773 948 838 1000 13,
870 946 925 988 20
954 950 1090 988 Antias
1122 947 1226 987 libro
1258 949 1432 987 secundo
1453 949 1619 988 Numam
1639 950 1754 988 Pom-

234 1020 373 1070 pilium
414 1031 618 1058 sacrorum
659 1030 777 1056 eausa
810 1017 849 1055 id
884 1014 1266 1068 [intercalationem]
1302 1017 1506 1055 inuenisse
1537 1017 1754 1056 contendit.

346 1087 389 1126 6.
421 1087 567 1125 Ανηοῖ).
603 1087 634 1123 V
666 1085 685 1123 1
719 1085 764 1123 In
796 1084 970 1123 secundo
992 1085 1162 1123 Antiatis
1194 1082 1312 1128 lihr0,
1346 1096 1395 1122 ne
1426 1085 1516 1135 quis
1547 1085 1651 1123 forte
1680 1097 1751 1124 nos

236 1156 417 1193 aestimet
456 1155 699 1193 concinnare
731 1164 802 1203 per
835 1152 1054 1191 calumnias
1086 1152 1277 1195 crimina,
1317 1150 1408 1189 talis
1440 1153 1664 1203 proscripta
1696 1158 1753 1191 cst

234 1221 386 1261 sabula:
421 1222 587 1260 Numam
621 1221 733 1259 illum
766 1232 914 1270 regem,
949 1231 1038 1257 rum
1070 1219 1313 1270 procurandi
1344 1218 1523 1257 fulminis
1544 1220 1753 1259 scientIam

233 1302 311 1328 non
342 1289 519 1333 haberet,
553 1293 737 1339 essetque
769 1288 827 1326 illi
850 1287 995 1338 cupido
1019 1286 1223 1326 noscendi.
1256 1286 1424 1337 Egeriae
1447 1287 1601 1325 monitu
1622 1292 1752 1326 castos

230 1445 372 1489 πλῆξαι
398 1444 449 1490 τῷ
467 1445 640 1489 σκαφείῳ
664 1440 764 1478 κατὰ
783 1442 849 1488 τῆς
875 1443 1049 1487 κεφαλῆς
1075 1442 1140 1477 καὶ
1161 1439 1303 1478 αὐτίκα
1321 1438 1560 1480 ἀποκτεῖναι.
1592 1445 1637 1485 ef.
1658 1444 1753 1478 Ouid.

228 1494 311 1533 last.
336 1493 427 1524 IIII
451 1493 516 1525 843
549 1493 664 1533 (rutro
695 1491 803 1523 Celer
835 1494 990 1532 occupat
1021 1490 1181 1531 ausum),
1213 1490 1301 1524 Aur.
1331 1490 1420 1522 Viec.
1446 1491 1489 1522 de
1513 1492 1577 1522 uir.
1604 1492 1651 1523 ill.
1678 1492 1708 1532 1,
1733 1493 1754 1522 4

232 1537 342 1579 (quod
368 1538 503 1570 Remus
528 1537 687 1569 irridens
718 1535 907 1568 transiluit
932 1538 969 1567 et
992 1545 1014 1567 a
1040 1535 1167 1567 Celere
1194 1535 1407 1568 centurione
1433 1539 1533 1567 rutro
1558 1535 1673 1568 fertur
1697 1545 1754 1567 oc-

232 1584 356 1623 cisus).
406 1584 546 1615 Diodor.
570 1583 695 1624 fragm.
727 1583 837 1615 Vane.
863 1592 896 1622 p
924 1582 943 1612 5
968 1580 1017 1622 (p.
1044 1581 1063 1611 6
1092 1580 1210 1621 Dind)

321 1626 360 1660 3.
404 1628 443 1659 ln
469 1639 610 1677 conpar.
641 1628 739 1659 Thes.
769 1631 800 1658 et
834 1627 926 1658 Rom
944 1624 1006 1675 (6)
1027 1627 1132 1658 solam
1156 1627 1278 1664 famam
1311 1626 1528 1659 Valerianum
1551 1625 1754 1658 Plutarchus

231 1675 406 1724 ιρερερείι.
433 1667 619 1726 Ρωμύλος
645 1668 688 1705 δὲ
713 1669 862 1722 πρῶτον
886 1668 974 1721 μὲνρ
987 1666 1222 1703 ὀκτακοσίων
1247 1665 1379 1712 ὀλίγον
1408 1666 1563 1726 ἀριθμῷ
1590 1666 1753 1708 δεούσας

231 1716 405 1761 αρπάσας
438 1714 483 1750 οὗ
515 1728 641 1756 πασας
673 1711 769 1750 αλλα
801 1716 913 1758 μί,αν
945 1710 994 1754 ὥς
1031 1725 1167 1757 φασιν,
1195 1710 1389 1757 Ερσιλίαν
1425 1713 1570 1760 ἔλαβεν.
1630 1717 1753 1748 Parem

230 1765 398 1795 mulierum
429 1774 595 1795 numerum
624 1767 744 1804 postea
775 1764 821 1794 aa
855 1762 982 1794 Tatium
1010 1762 1108 1803 pacis
1133 1762 1286 1793 orandae
1312 1772 1414 1794 causa
1438 1763 1602 1805 mimas-se
1633 1761 1748 1794 Varro

231 1808 302 1850 (ap.
329 1809 429 1840 Dion.
456 1808 501 1839 II
523 1809 582 1849 47)
606 1809 755 1849 scripsit.

320 1851 359 1885 4.
391 1855 468 1884 Via.
495 1853 677 1885 ,lIommsen
704 1853 738 1884 C.
764 1853 796 1883 l.
823 1852 866 1883 L.
893 1852 914 1882 I
936 1863 970 1893 p.
996 1853 1074 1886 383.

321 1897 360 1930 ε’).
393 1899 469 1930 Vid.
486 1898 589 1930 uerba
616 1897 787 1929 Macrobii
810 1898 1047 1928 antecedentia
1071 1896 1106 1938 (ξ
1133 1898 1173 1928 16
1190 1895 1296 1939 sqq.):
1323 1897 1412 1929 Cum
1434 1907 1548 1939 saepe
1575 1896 1749 1936 eueniret,

231 1947 269 1975 ut
294 1943 479 1974 nundinae
508 1943 612 1974 modo
638 1945 674 1974 in
701 1943 788 1974 anni
813 1942 1014 1983 principem
1041 1942 1147 1979 diem,
1173 1942 1277 1974 modo
1302 1943 1340 1974 in
1370 1952 1487 1975 nonas
1511 1942 1686 1974 caderent
1712 1958 1747 1963 —

230 1993 425 2029 utrumque
458 1992 580 2020 autem
604 1988 850 2030 perniciosum
875 1987 929 2018 rei
956 1987 1129 2028 publicae
1155 1987 1355 2028 putabatur
1380 2005 1433 2026 —,
1460 1987 1658 2019 remedium
1682 1996 1752 2028 quo

232 2035 298 2065 hoc
324 2038 554 2065 auerteretur
580 2033 825 2074 excogitatum
851 2034 917 2072 est,
945 2032 1039 2072 quod
1063 2033 1280 2073 aperiemus,
1308 2033 1338 2064 si
1356 2033 1456 2074 prius
1473 2032 1751 2071 ostenderimus,

231 2089 293 2110 cur
324 2079 508 2110 nundinae
539 2078 598 2110 uel
636 2078 762 2120 primis
800 2076 966 2108 kalendis
1003 2077 1062 2108 uel
1093 2077 1200 2108 nonis
1238 2077 1403 2109 omnibus
1439 2077 1677 2108 canebantur.

231 2124 326 2155 uncle
352 2124 427 2155 dies
452 2124 526 2164 ille,
552 2133 623 2165 quo
650 2122 837 2154 abundare
863 2132 996 2153 annum
1029 2122 1202 2161 diximus,
1237 2133 1358 2154 eorum
1393 2126 1450 2154 est
1476 2123 1672 2164 permissus
1699 2132 1752 2153 ar-

231 2169 340 2201 bitrio
368 2170 429 2210 qui
455 2169 565 2201 fastis
591 2172 805 2210 praeerant,
832 2168 903 2207 uti,
930 2176 1010 2198 cum
1034 2167 1192 2206 uellent,
1219 2167 1510 2206 intercalaretur,
1537 2167 1621 2199 dum
1644 2166 1750 2198 modo

232 2225 309 2245 euin
335 2214 372 2245 in
399 2214 515 2245 medio
540 2213 847 2245 'Perminaliorum
873 2211 932 2243 uel
956 2213 1092 2244 mensis
1118 2212 1350 2244 intercalaris
1373 2212 1427 2244 ita
1452 2212 1637 2253 locarent,
1661 2215 1704 2243 ut
1728 2222 1750 2243 a

231 2264 404 2301 suspecto
431 2259 488 2290 die
517 2258 772 2291 celebritatem
804 2261 990 2289 auerteret
1022 2256 1275 2290 nundinarum.
1323 2261 1432 2299 atque
1466 2257 1535 2290 hoc
1567 2261 1624 2289 est
1655 2256 1750 2298 quod

231 2305 376 2344 quidam
402 2308 568 2336 ueterum
599 2304 820 2342 retulerunt,
854 2312 923 2334 non
955 2302 1069 2334 solum
1104 2312 1263 2334 mensem
1295 2302 1392 2344 apud
1418 2303 1602 2334 Romanos
1626 2312 1749 2334 uerum

233 2350 343 2381 ctiam
375 2349 470 2381 diem
507 2349 764 2381 intercalarem
799 2348 924 2379 fuisse.
975 2347 1119 2389 quando
1154 2351 1277 2379 autem
1308 2348 1461 2389 primum
1491 2346 1749 2380 intercalatum

231 2396 297 2435 sit,
331 2395 435 2427 uarie
467 2395 636 2427 refertur.
682 2395 835 2436 sequitur
866 2395 965 2434 lar-qa
995 2394 1223 2424 laudationum
1245 2395 1356 2434 copia,
1390 2393 1516 2424 Licinii
1541 2393 1591 2432 fr.
1613 2393 1646 2424 4.
1684 2391 1748 2423 Tu-

1776 1092 1808 1117 10

231 2442 340 2472 alicam·
360 2441 408 2480 fr.
427 2441 458 2480 7,
479 2440 588 2472 Cassii
600 2440 647 2480 fr.
671 2441 719 2475 18,
747 2449 843 2480 qaam
859 2439 1040 2479 sumpsisse
1065 2448 1136 2469 cum
1160 2439 1210 2470 eis
1227 2448 1311 2479 qaae
1337 2439 1433 2470 modo
1459 2438 1750 2479 transscripsimus
1773 2448 1775 2451 ’

231 2485 344 2517 'zerbis'
367 2486 502 2517 uidetur
527 2496 572 2516 eoe
602 2485 761 2516 Varrone
787 2493 892 2525 neque
918 2488 1027 2514 tamen
1053 2483 1269 2524 distinxisse,
1302 2487 1407 2514 uerum
1434 2484 1484 2514 illi
1505 2483 1547 2515 (le
1570 2491 1680 2514 mense
1706 2492 1749 2513 an

230 2532 271 2562 cle
296 2532 350 2562 die
375 2531 577 2562 intercalari
598 2532 825 2572 loquerentur.
866 2528 910 2568 cf.
927 2528 1109 2560 Mommsen
1126 2528 1274 2560 chronol.
1291 2538 1326 2569 p.
1344 2529 1387 2560 23
1403 2539 1477 2570 sqq.

321 2574 360 2608 6.
399 2576 570 2607 Valerium
599 2575 706 2606 secuti
735 2575 850 2606 eadem
881 2578 1110 2604 narraverunt
1141 2572 1278 2604 Ouidius
1305 2574 1386 2613 fast.
1419 2572 1484 2604 III
1515 2573 1580 2604 285
1609 2583 1683 2614 sqq.
1717 2577 1749 2603 el

232 2621 432 2652 Plutarchus
450 2621 543 2652 Num.
564 2622 617 2652 15.
644 2619 755 2651 Ouidii
777 2619 860 2650 llaec
876 2618 980 2649 uerba
1003 2623 1097 2649 sunt:
1125 2618 1221 2650 Ecce
1239 2618 1344 2649 deum
1370 2618 1513 2660 genitor
1538 2617 1668 2648 rutilas
1687 2627 1749 2658 per

232 2665 355 2697 nubila
380 2665 542 2697 flammas
568 2664 717 2706 Spargit
743 2668 778 2695 et
802 2663 928 2696 effusis
953 2662 1103 2694 aethera
1131 2663 1247 2695 siccat
1272 2663 1377 2700 aquis
1432 2663 1512 2694 Non
1531 2661 1623 2693 alias
1648 2662 1749 2693 missi

343 2812 388 2863 4,
422 2816 457 2851 6.
493 2815 526 2850 7.
559 2815 676 2850 ancias
707 2813 835 2849 Paris.

344 2868 387 2920 (i,
422 2873 483 2908 13.
517 2872 681 2919 egregiae
712 2871 834 2906 coclea,-
