1884 3213
595 194 636 227 L.
665 193 859 226 CAsfflvs
885 194 1074 226 fimum
1405 203 1596 233 (xbxvlffl

80 309 208 360 patrio
241 321 422 347 sermone
456 320 549 346 usus
582 309 755 359 scripsit,
789 320 936 360 quaero
968 311 1034 359 qui
1069 311 1154 347 lieri
1187 311 1376 360 potuerit,
1412 314 1452 347 ut
1485 322 1598 348 nemo

80 377 252 428 scriptor
283 376 400 415 huius
432 377 491 414 rei
531 377 772 414 mentionem
804 377 973 417 faceret,
1007 376 1166 420 Cicero,
1203 376 1357 417 Liuius,
1392 377 1599 427 Dionysius·

81 445 284 495 ceterique
317 438 534 494 scriptores
568 443 674 481 illius
706 444 846 482 aetatis
878 455 1070 495 nusquam
1105 457 1192 482 eum
1227 449 1598 483 ronunommant-ent'f

81 511 199 562 quid?
231 511 334 562 quod
367 512 484 549 etiam
517 524 641 562 usque
674 511 719 549 ad
753 512 870 549 tinem
902 513 1010 549 tertii
1044 510 1138 549 belli
1162 511 1303 550 Puniei
1337 525 1426 551 eum
1461 514 1499 551 in
1532 526 1599 551 au-

81 571 239 618 nalibus
278 590 533 631 progressum
575 591 659 617 esse
699 591 742 615 ex
777 579 994 617 Censorino
1028 577 1089 620 tt'r.
1124 576 1190 622 39¹]
1226 580 1421 617 nouimus.
1484 593 1598 631 quam

81 647 356 686 difficultatem
389 648 421 684 si
453 649 541 698 quis
573 648 625 685 ita
666 652 887 688 remoueat,
928 651 970 683 ut
1003 646 1180 684 Cassium
1221 652 1407 697 quattuor
1447 649 1601 698 priores

81 714 205 753 libros
238 720 326 754 ante
360 716 476 753 liuius
511 715 603 754 belli
637 715 796 753 initium
829 714 997 752 edidisse
1021 719 1192 757 censeat,
1225 719 1308 752 tum
1341 727 1437 752 uero
1469 718 1601 766 quarti

82 781 174 820 libri
207 783 510 834 inscriptionem
534 788 686 821 nmtare
710 794 786 820 non
820 783 1010 832 potuisse,
1045 794 1188 820 uereor
1212 788 1246 820 ut
1284 783 1427 821 multos
1460 783 1594 821 habeat

82 850 360 889 adsentientes,
423 850 557 901 ltaque
596 851 732 888 neseio
765 861 813 887 an
846 848 1024 888 Niebuhr
1063 850 1170 888 illam
1203 851 1507 901 inscriptionem
1542 852 1598 889 ui-

40 957 43 961 ,
81 918 155 955 mis
200 919 391 968 presserit
437 918 653 968 scitiusque
700 929 815 967 quam
860 918 995 955 uerius
1046 917 1302 956 concluserit.
1364 931 1601 970 quamquam

82 986 186 1023 enim
219 999 290 1024 nee
326 986 471 1024 bellum
506 987 638 1036 prius,
679 985 865 1025 alterum.
909 986 1070 1022 tertium
1104 998 1175 1023 nee
1216 987 1347 1036 prius,
1388 988 1600 1037 posterius,

82 1053 246 1090 tertium
279 1053 358 1091 diei
399 1066 512 1104 posse
553 1053 669 1092 facile
702 1053 895 1093 concedo,
939 1058 1068 1091 tamen
1103 1058 1175 1104 ,aut
1218 1058 1321 1091 totus
1361 1054 1494 1094 l'allor,
1537 1060 1601 1092 aut

84 1119 229 1172 bellum
262 1121 449 1171 primum,
483 1122 694 1171 posterius,
730 1122 892 1158 tertium
925 1120 1063 1159 eodem
1096 1122 1181 1159 iure
1214 1123 1441 1159 enumerari
1473 1127 1599 1172 potest

82 1199 158 1238 quo
191 1189 378 1238 primum,
413 1189 593 1232 alterum,
629 1189 804 1226 tertium.

194 1254 246 1293 De
289 1257 390 1293 uita
432 1257 517 1293 eius
557 1256 655 1294 nihil
697 1256 944 1306 accepimus,
992 1268 1117 1306 neque
1159 1257 1261 1294 ullus
1301 1257 1439 1295 titulus
1480 1257 1601 1308 lapidi

84 1325 325 1361 marmoriue
360 1325 510 1362 incisus
543 1329 607 1361 aut
648 1325 820 1374 scriptor
861 1328 1021 1373 praeter
1061 1323 1167 1361 locos
1207 1325 1307 1362 int'ra
1341 1338 1359 1361 a
1393 1324 1509 1362 uobis
1542 1326 1600 1362 in-

83 1390 232 1428 dicatos
255 1392 380 1429 (Iassii
402 1390 593 1429 Heminae
626 1391 820 1429 meminit.
874 1390 1154 1441 Inscriptio
1188 1390 1281 1429 libri
1315 1393 1423 1430 uarie
1458 1392 1601 1430 tradita

83 1462 137 1495 est
173 1463 205 1495 et
241 1458 441 1496 annalium
475 1465 509 1496 et
545 1458 814 1499 historiarum,
848 1470 1014 1509 quarum
1046 1459 1153 1496 illam
1187 1471 1230 1497 ea
1263 1460 1309 1497 de
1339 1473 1454 1497 rausa
1489 1472 1600 1510 prae-

85 1526 188 1565 t'ero,
230 1526 332 1575 quod
372 1527 514 1564 nititur
546 1526 665 1564 Plinii
701 1524 763 1576 237
792 1558 800 1569 ,
835 1526 950 1565 Gellii
985 1524 1056 1577 (8²,
1099 1525 1229 1563 Seruii
1265 1523 1365 1577 (22),
1406 1527 1599 1565 Prisciani

97 1590 163 1630 25.
197 1589 262 1630 29.
295 1592 360 1630 511.
395 1591 460 1631 31.
494 1590 560 1644 32)
605 1595 865 1634 testimoniis.
907 1607 996 1632 eum
1038 1593 1223 1631 historias
1265 1607 1340 1631 uuo
1382 1594 1467 1632 loeo
1505 1596 1596 1633 citet

84 1659 292 1697 Diomedes
340 1663 386 1698 t'r.
414 1660 476 1712 11)
511 1666 544 1699 et
580 1661 742 1701 Nonius,
777 1663 843 1711 qui
876 1662 1003 1699 sexies
1037 1659 1087 1699 19.
1126 1659 1187 1698 11).
1225 1659 1287 1698 16.
1321 1659 1387 1698 21.
1421 1659 1487 1699 34.
1520 1660 1601 1702 35„

86 1727 166 1776 ipse
206 1727 283 1765 sibi
323 1734 507 1766 constans
549 1742 625 1766 uon
665 1730 799 1767 suerit.
864 1729 965 1766 idem
1007 1731 1111 1767 enim
1151 1734 1337 1779 quattuor
1377 1730 1463 1767 aliis
1503 1730 1601 1769 locis

23 1815 32 1826 ·
85 1794 245 1833 annales
280 1796 455 1834 laudauit
502 1794 569 1834 24.
603 1793 670 1835 28.
704 1794 770 1835 33.
803 1794 886 1834 36¹.

196 1862 367 1901 Latine
407 1876 496 1902 eum
539 1877 601 1901 res
634 1866 694 1902 sui
726 1864 862 1915 populi
895 1876 1121 1904 enarrasse.
1158 1877 1201 1901 ex
1236 1866 1293 1902 eis
1325 1877 1423 1915 quae
1457 1878 1474 1903 a
1509 1878 1601 1904 eon-

86 1929 267 1980 pluribus
306 1931 572 1981 scripura-ibus
604 1932 649 1969 ad
682 1931 851 1970 uerbum
886 1932 1007 1970 relata
1039 1936 1149 1975 sunt,
1184 1934 1278 1969 satis
1310 1932 1495 1982 adparet,
1536 1933 1601 1971 sed

84 2010 160 2048 quo
191 1997 349 2036 dicendi
387 2010 533 2048 genere
575 2012 667 2037 usus
698 2001 768 2042 sit,
809 2006 970 2051 propter
1011 2002 1323 2049 fragmentorum
1364 2002 1602 2050 paucitatem

85 2070 119 2102 et
154 2065 370 2103 exilitatem
393 2065 551 2104 deliniri
585 2068 733 2117 nequit,
769 2068 1001 2117 praesertim
1035 2080 1124 2105 eum
1149 2067 1335 2117 pleraque
1370 2069 1420 2105 ita
1455 2073 1602 2106 mutata

85 2131 129 2169 ad
170 2145 240 2170 nos
283 2135 562 2183 peruenerint,
613 2140 646 2172 ut
690 2146 884 2185 perpauca
933 2136 1181 2185 antiquitatis
1230 2136 1397 2184 uestigia
1443 2136 1602 2184 agnosci

87 2200 251 2250 possint.

198 2267 336 2305 Libri
369 2274 604 2319 quattuor
633 2270 882 2313 adferuntur,
906 2282 1075 2321 quorum
1098 2275 1281 2321 quartum
1306 2272 1518 2321 separatim
1544 2273 1602 2309 in-

86 2336 279 2385 scriptum
312 2336 433 2373 fuisse
455 2336 594 2374 bellum
621 2337 808 2376 Punicum
829 2339 1029 2384 peslere'm·
1050 2339 1455 2382 ronmemorauimus,
1489 2340 1601 2376 item-

85 2414 159 2451 que
183 2402 358 2440 Cassium
392 2402 505 2452 longe
539 2404 639 2442 ultra
664 2404 701 2442 id
734 2404 880 2443 bellum
916 2406 953 2442 in
987 2404 1201 2443 scribendo
1224 2405 1489 2443 descendisse.
1538 2418 1600 2443 ex-

87 2470 186 2506 sistit
233 2470 355 2518 igitur
386 2472 584 2520 quaestio,
628 2476 760 2509 utrum
799 2477 940 2523 quarto
974 2471 1077 2509 libro
1117 2473 1234 2509 etiam
1276 2486 1341 2510 eas
1381 2485 1462 2515 res,
1504 2485 1601 2523 quae

89 2541 169 2585 post
212 2535 356 2574 bellum
396 2537 591 2576 Punicum
630 2540 798 2577 alterum
839 2541 951 2577 annis
993 2540 1276 2589 quinquaginta
1318 2546 1450 2588 gestae
1497 2545 1600 2581 ¹sunt,

87 2603 303 2653 conplexus
348 2605 417 2643 sit.
466 2618 512 2642 an
560 2606 692 2656 plures
730 2607 889 2657 quidem
938 2606 1063 2645 libros
1105 2607 1319 2649 addiderit,
1368 2619 1458 2643 casu
1508 2618 1601 2644 uero

86 2669 255 2719 quodam
287 2682 333 2707 ex
373 2671 434 2708 his
473 2673 570 2710 1111111
611 2674 655 2711 ad
697 2687 767 2711 nos
806 2675 1050 2724 peruenerit.
1112 2686 1210 2724 quae
1249 2674 1427 2723 ‹Vluaestio
1467 2685 1601 2723 quam-

87 2749 204 2787 quam
236 2742 346 2774 certo
378 2738 478 2775 solui
510 2741 665 2789 nequit,
699 2741 881 2791 equidem
914 2747 1043 2779 tamen
1078 2741 1225 2778 inclino
1259 2745 1362 2777 totus
1395 2740 1440 2778 ad
1471 2745 1602 2790 poste-

89 2805 235 2841 riorem
270 2805 519 2842 sententiam.
568 2805 656 2843 nam
689 2812 722 2843 et
757 2807 830 2845 hoe
864 2808 966 2846 haud
1004 2819 1093 2844 raro
1128 2809 1273 2843 t'aetum
1307 2812 1378 2845 est,
1413 2812 1451 2844 ut
1487 2809 1601 2857 pauci

91 2876 241 2909 tantum
282 2871 396 2909 modo
436 2871 530 2910 libri
563 2886 582 2910 a
621 2876 893 2923 grammaticis
933 2879 1264 2925 excerperentur,
1306 2875 1427 2911 ceteri
1470 2875 1601 2924 negle-
