1884 3213
242 184 296 223 3³2
858 181 1159 221 RELLIQVIAE

242 314 309 338 τοι
341 293 414 336 καὶ
436 298 527 336 τῶν
551 293 706 346 ἱερέων
730 286 795 341 οἷς
826 290 967 345 ὅσιον,
1000 291 1074 333 καὶ
1106 290 1129 332 ὁ
1150 292 1241 332 τῶν
1269 292 1534 346 θυηπολιῶν
1555 290 1718 346 τρόπος
1748 287 1772 332 ὃ

243 360 376 412 αὐτὸς
406 355 462 417 ἦν
493 365 553 417 τῷ
586 359 692 413 παρ’
726 359 844 415 ἡμῖν.
906 359 1230 414 χερνιψάμενοί
1263 374 1310 400 τε
1339 357 1426 413 γάρ
1458 356 1584 401 αὐτοὶ
1615 357 1689 400 καὶ
1718 356 1772 400 τὰ

246 431 341 485 ἱερὰ
373 432 560 486 καθαρῷ
591 429 962 482 περιαγνίσαντες
994 426 1123 470 ὕδατι
1154 425 1229 468 καὶ
1255 429 1542 482 Δημητρίους
1571 426 1773 482 καρπούς

246 499 568 554 ἐπιρράναντες
618 495 768 538 αὐτῶν
813 502 910 545 ταῖς
961 497 1201 549 κεφαλαῖς,
1255 495 1405 536 ἔπειτα
1435 494 1770 549 κατευξάμενοι,

243 566 378 609 θύειν
416 566 515 607 τότε
552 572 645 613 τοῖς
684 562 923 618 ὑπηρέταις
961 561 1074 605 αὐτὰ
1114 562 1335 604 ἐκέλευον.
1396 565 1487 604 τῶν
1524 562 1572 604 δὲ
1612 561 1658 603 οἷ
1689 562 1804 617 μὲνῡ

247 636 431 683 ἑστῶτες
463 635 526 675 ἔτι
564 634 646 674 τοῦ
685 632 888 686 θύματος
926 630 1125 686 σκυτάλῃ
1165 628 1270 680 τούς
1308 630 1562 685 κροτάφους
1600 631 1772 683 ἔπαιον,

248 703 292 743 οἱ
321 702 369 744 δὲ
411 703 650 748 πίπτοντες
689 697 965 741 ὑπετίθεσαν
1004 697 1081 748 τάς
1121 699 1344 752 σφαγίδας
1381 698 1456 740 καὶ
1493 695 1601 753 μετά
1641 699 1773 739 τοῦτο

248 769 478 823 δείραντές
507 785 554 810 τε
586 768 660 810 καὶ
691 769 953 822 μελίσαντες
984 765 1187 820 άπαρχάς
1219 766 1476 821 ἐλάμβανον
1508 765 1553 815 ἐξ
1585 764 1775 807 ἑκάστου

249 837 510 891 σπλάγχνου
542 836 615 877 καὶ
646 833 813 885 παντὸς
844 832 986 876 ἄλλου
1017 834 1193 889 μέλους,
1226 830 1276 883 ὁὶς
1307 832 1509 888 άλφίτοις
1538 834 1633 884 ζέας
1662 830 1775 874 άνα-4

249 905 491 953 ὸεύσαντες
528 904 812 958 προσέφερον
851 909 942 952 τοῖς
978 902 1176 943 θύουσιν
1216 901 1287 942 ἐπὶ
1325 904 1489 943 κανῶν.
1551 901 1598 942 οἱ
1625 898 1667 941 δ’
1701 899 1772 941 ἐπὶ
1791 919 1822 944 10

251 974 356 1022 τοὺς
386 970 567 1027 βωμούς
600 970 876 1019 ἐπιτιθέντες
914 968 1124 1024 ὑφῆπτον
1163 970 1237 1010 καὶ
1274 968 1613 1024 προσέσπενδον
1651 964 1777 1009 οἶνον

251 1041 362 1083 κατὰ
393 1043 485 1082 τῶν
516 1038 830 1093 ἁγνιζομένων.
872 1037 1061 1079 ἕκαστον
1092 1035 1134 1078 δ’
1167 1035 1235 1078 ὅτι
1265 1037 1377 1079 κατὰ
1407 1037 1574 1091 νόμους
1607 1035 1776 1089 ἐγίνετο

251 1107 355 1158 τοὺς
387 1108 500 1163 ἀμφὶ
521 1109 692 1149 θυσίαν
722 1104 803 1160 ὑφ’
832 1104 1059 1160 Ἑλλήνων
1081 1104 1443 1154 κατασταθέντας
1466 1104 1515 1146 ἐκ
1545 1106 1622 1158 τῆς
1646 1101 1778 1157 Ὁμή-

254 1193 337 1231 ρου
369 1175 588 1230 ποιήσεως
618 1177 789 1228 γνῶναι
821 1172 994 1230 ῥᾴδιον.
1029 1199 1074 1203 -
1110 1176 1158 1226 (c.
1183 1173 1265 1228 73.)
1298 1171 1472 1214 Λοιπὸν
1503 1171 1552 1212 δὲ
1583 1170 1677 1212 ἐστί
1705 1186 1779 1225 μοι

252 1245 325 1286 καὶ
347 1241 449 1298 περὶ
480 1245 571 1284 τῶν
603 1240 792 1296 άγῑόνων
823 1237 903 1290 οὕς
933 1236 1041 1296 μετά
1063 1238 1145 1295 τήν
1166 1237 1349 1295 πομπὴν
1372 1240 1612 1282 ἐπετέλουν
1644 1235 1770 1292 ὀλίγα
1791 1257 1822 1282 15

253 1314 468 1353 διελθεῖν.
521 1312 696 1364 πρῶτος
728 1307 750 1351 ὁ
782 1311 872 1351 τῶν
911 1311 1174 1363 τεθρίππων
1215 1324 1262 1350 τε
1293 1309 1367 1350 καὶ
1406 1308 1675 1362 συνωρίδων
1706 1305 1780 1348 καὶ

253 1383 343 1422 τῶν
375 1377 598 1430 άζεύκτων
618 1378 769 1418 ἵππων
801 1375 972 1430 ἐγίνετο
1005 1376 1183 1431 δρόμος.
1212 1402 1256 1406 -
1293 1377 1344 1418 ἐν
1375 1376 1424 1418 δὲ
1454 1383 1550 1426 ταῖς
1582 1375 1781 1423 ἱππικαῖς
1829 1376 1833 1380 ’

254 1447 462 1502 ἁμίλλαις
494 1444 822 1500 ἐπιτηδεύματα
854 1443 937 1485 δύο
967 1447 1058 1485 τῶν
1088 1444 1210 1485 πάνυ
1241 1446 1447 1486 παλαιῶν
1477 1440 1537 1494 ῶς
1568 1443 1612 1493 ἐξ
1644 1441 1782 1497 άρχῆς

257 1514 567 1570 ἐνομοθετήθη
591 1512 906 1567 φυλαττόμενα
937 1510 1026 1553 ὑπὸ
1051 1510 1277 1566 Ῥωμαίων
1298 1512 1424 1566 μέχρι
1449 1514 1541 1553 τῶν
1571 1509 1672 1552 κατ’
1707 1508 1785 1563 ε’μέ

255 1583 472 1624 διάκειται
504 1581 705 1636 χρόνων,
744 1579 793 1621 τό
824 1596 869 1621 τε
901 1580 1002 1633 περὶ
1033 1579 1086 1621 τὰ
1116 1581 1316 1634 τρίπωλα
1346 1582 1437 1621 τῶν
1467 1577 1690 1634 ἁρμάτων.
1723 1596 1827 1621 —20

255 1651 359 1692 δυσὶ
391 1648 475 1704 γάρ
506 1650 657 1697 ἵπποις
690 1648 989 1702 ἐζευγμένοις,
1023 1644 1076 1689 ὃν
1106 1647 1275 1701 τρόπον
1305 1646 1539 1700 ζεύγνυται
1571 1647 1781 1701 συνωρίς,

255 1721 402 1772 τρίτος
434 1719 673 1771 παρείπετο
697 1722 891 1770 σειραῖος
922 1716 1055 1764 ἵππος
1076 1715 1236 1770 ῥυτῆρι
1267 1702 1593 1770 συνεχόμενος,
1612 1712 1665 1755 ὃν
1695 1711 1782 1754 άπὸ

255 1789 337 1827 τοῦ
369 1786 704 1840 παρῃωρῆσθαί
728 1799 774 1824 τε
806 1783 879 1824 καὶ
909 1782 966 1838 μὴ
999 1785 1294 1837 συνεζεῦχθαι
1322 1781 1783 1837 παρῄορονέ’κάλουν

257 1854 304 1894 οἱ
337 1854 540 1894 παλαιοί·
583 1851 737 1905 ἕτερον
769 1851 817 1891 δὲ
848 1877 898 1880 μ
935 1848 957 1891 ὁ
995 1853 1086 1891 τῶν
1124 1850 1531 1906 παρεμβεβηκότων
1574 1856 1666 1898 τοῖς
1702 1847 1781 1903 ἅρ-

257 1932 363 1976 μασι
395 1919 572 1974 δρόμος.
617 1917 724 1959 ὅταν
754 1916 840 1972 γάρ
871 1918 994 1967 τέλος
1025 1918 1074 1958 αἱ
1100 1921 1191 1960 τῶν
1211 1918 1361 1960 ἵππων
1393 1917 1572 1972 ἅμιλλαι
1603 1916 1773 1971 λάβων-
1796 1934 1829 1960 25

259 2006 353 2041 ται,
393 1986 714 2045 ἀποπηδῶντες
750 1983 835 2026 άπὸ
868 1988 959 2026 τῶν
998 1983 1209 2040 ἁρμάτων
1239 1986 1287 2026 οἱ
1322 1985 1655 2040 παροχούμενοι
1692 1990 1785 2033 τοῖς

259 2055 456 2111 ἡνιόχοις
490 2081 537 2085 -
580 2051 658 2096 τὸν
698 2054 931 2095 σταδιαῖον
969 2051 1240 2105 ἁμιλλῶνται
1287 2052 1457 2108 δρόμον
1503 2051 1631 2094 αὐτοὶ
1674 2049 1785 2105 πρὸς

260 2123 494 2178 ἀλλήλους.
556 2122 861 2163 τελεσθέντων
907 2120 955 2162 ὸε
1000 2123 1090 2161 τῶν
1142 2121 1337 2162 ἱππικῶν
1383 2120 1563 2175 δρόμων
1607 2119 1655 2161 οἱ
1694 2125 1787 2167 τοῖς

262 2193 435 2233 ἑαυτῶν
468 2190 670 2244 σώμασιν
702 2188 1018 2243 ἀγωνιζόμενοι
1049 2187 1147 2230 τότε
1181 2187 1389 2244 εἰσῄεσαν
1421 2189 1600 2243 δρομεῖς
1635 2201 1682 2228 τε
1712 2186 1786 2228 καὶ

261 2260 425 2301 πύκται
449 2259 522 2300 καὶ
554 2259 805 2299 παλαισταί.
829 2282 884 2286 -
917 2256 966 2298 ἐν
998 2257 1044 2298 δὲ
1078 2263 1169 2306 τοῖς
1191 2255 1263 2298 διά
1294 2257 1433 2310 μέσου
1454 2258 1545 2297 τῶν
1576 2253 1783 2308 άθλημά-
1798 2264 1854 2309 30]

260 2343 351 2369 των
390 2326 569 2381 χρόνοις
601 2324 982 2380 Ἑλληνικώτατον
1023 2324 1097 2365 καὶ
1136 2323 1374 2378 κράτιστον
1413 2322 1625 2365 ἁπάντων
1665 2322 1787 2363 ἐθῶν

262 2395 604 2447 ἀπεδείκνυντο,
638 2392 942 2447 στεφανώσεις
965 2392 1037 2433 καὶ
1069 2391 1335 2447 άναῤῥήσεις
1356 2392 1617 2444 ποιούμενοι
1647 2391 1788 2444 τιμῶν

263 2458 332 2513 αἷς
364 2463 527 2517 ἐτίμων
557 2460 662 2509 τούς
693 2461 864 2502 ἑαυτῶν
896 2458 1151 2514 εὐεργέτας,
1181 2484 1237 2491 —
1268 2458 1342 2501 καὶ
1374 2458 1556 2501 σκύλων
1585 2456 1706 2500 ὅσων
1738 2456 1787 2498 ἐκ

381 2652 415 2686 1.
449 2641 469 2685 ὃ
500 2650 585 2685 (cdd.
630 2648 756 2689 rrbjn.
931 2646 968 2682 3.
999 2642 1192 2695 δήμητρος
1224 2647 1314 2682 libri
1344 2656 1449 2682 corr.
1481 2643 1657 2680 Meinelce

272 2708 331 2743 14.
365 2703 414 2742 ἔτι
440 2707 632 2751 Is'iesslings
749 2702 812 2739 23.
845 2715 883 2738 τε
907 2705 1072 2738 accessit
1095 2714 1146 2738 ecc
1179 2703 1306 2739 Vrbin.
1425 2697 1477 2749 μὴ
1509 2701 1650 2736 addidit
1678 2699 1785 2738 Vale-

266 2767 357 2798 sius.
499 2762 563 2798 24.
597 2757 657 2810 δὲ]
692 2773 730 2796 τε
761 2759 904 2796 ΗθίεΙτε
1063 2759 1128 2795 25.
1161 2756 1206 2794 αἱ
1233 2771 1303 2795 om.
1346 2759 1510 2795 Vrbinas
1654 2752 1789 2792 ἵππων

269 2821 446 2855 Gelenius
506 2814 658 2856 ἱππέων
686 2818 777 2853 libri
967 2815 1029 2851 32.
1063 2816 1128 2851 533.
1168 2811 1276 2859 τινὰς
1307 2807 1365 2859 οἷς
1397 2810 1538 2862 ἐτίμων
1568 2813 1656 2849 libri
1685 2825 1787 2849 corr.

273 2876 407 2910 lft'isla'

1879 2055 1884 2108 1
