1884 3213
220 183 402 213 &Lxxx-
581 171 646 203 DE
673 169 983 203 SCRIPTORVM
1011 168 1138 202 VITIS
1164 168 1226 201 ET
1253 168 1472 201 somene

221 290 384 326 uissent.
438 287 530 325 liinc
563 298 607 324 ex
643 284 784 323 inediis
817 284 988 322 hostium
1024 283 1181 321 insidiis
1213 296 1253 321 se
1287 283 1528 322 incolumem
1562 284 1747 325 euasisse,

222 357 311 394 hine
346 353 662 405 repugnantilms
695 358 729 391 et
765 351 1073 390 aduersantibus
1104 349 1369 389 nobilissimis
1398 352 1498 389 uiris
1530 351 1746 390 auctorita-

221 429 297 461 tem
339 428 373 460 et
416 423 583 472 gratiam
624 425 884 459 consecutum
926 432 1033 463 esse,
1074 419 1167 456 hinc
1200 419 1344 469 exiguo
1377 419 1549 457 militum
1582 430 1748 457 numero

221 489 481 528 incredibiles
513 490 685 528 hostium
718 488 852 538 ‹·opias
884 500 924 526 se
958 486 1106 525 fudisse
1139 487 1390 538 fugasseque.

333 558 377 595 Vt
411 563 542 596 autem
574 557 771 595 fortunae
812 568 853 594 se
895 556 1006 606 quasi
1047 554 1171 592 filium
1210 554 1334 593 fuisse
1367 554 1553 593 omnibus
1584 566 1747 605 persua-

221 625 353 670 deret,
389 625 485 664 duas
517 626 768 676 potissinnnn
802 635 865 663 res
897 623 1160 672 excogitauit,
1193 634 1293 673 quae
1326 621 1371 660 ad
1405 622 1442 660 id
1475 622 1606 661 faeere
1639 621 1748 660 uide-

223 699 375 732 rentur.
418 694 593 744 primuni
617 693 722 730 enim
747 692 877 729 omnia
903 691 1114 734 uaticinia,
1148 690 1349 741 prodigia,
1383 695 1549 734 ostenta,
1582 690 1748 733 somnia,

220 774 320 813 quae
360 762 536 799 futuram
577 759 893 810 magnitudinem
935 757 1241 809 portenderent,
1289 770 1466 808 quaeque
1505 770 1545 796 se
1587 762 1627 796 ut
1666 769 1750 795 rem

222 830 394 880 aliquam
435 828 663 872 incoharet,
704 826 961 878 inpulissent,
995 825 1300 875 diligentissime
1338 826 1583 876 conquisiuit
1614 823 1749 863 libris-

220 910 300 948 que
333 899 415 936 suis
450 897 639 940 inseruit,
674 901 711 933 ut
746 895 807 932 his
838 893 1050 931 luculentis
1073 893 1265 944 exemplis
1290 892 1601 936 demonstraret,
1635 904 1751 943 quam

222 965 405 1015 diligenti
439 976 534 1003 cura
567 964 605 1002 di
644 976 685 1001 se
726 974 883 1013 semper
915 963 1117 1012 prosecuti
1151 966 1301 1005 essent,
1336 973 1480 1012 eosque
1513 973 1590 999 non
1623 959 1750 998 solum

224 1046 264 1071 sc
299 1035 427 1084 ipsum
461 1032 507 1070 ad
531 1044 668 1070 omnes
701 1043 776 1075 res,
809 1042 908 1081 quae
940 1034 1075 1080 postea
1109 1041 1247 1067 eorum
1270 1028 1418 1066 auxilio
1450 1030 1585 1080 eisque
1618 1029 1749 1078 auspi-

223 1100 336 1139 vibus
375 1112 565 1151 prospere
606 1100 855 1141 euenissent,
906 1097 1135 1135 adhortatos
1181 1108 1266 1135 esse
1307 1095 1375 1134 sed
1421 1098 1540 1134 etiam
1583 1095 1752 1135 aliorum

223 1169 427 1207 hominum
460 1169 613 1206 animos
646 1169 685 1205 in
718 1179 758 1205 se
792 1167 1041 1204 conuertisse
1074 1165 1320 1216 gloriamque
1352 1165 1522 1203 auxisse.
1537 1161 1562 1213 ¹)

334 1236 390 1274 Ita
431 1249 450 1274 a
490 1235 694 1274 Postumio
734 1234 946 1284 haruspice
986 1237 1141 1271 oratum
1192 1232 1474 1271 florentissima
1514 1231 1751 1270 Samnitium

223 1309 350 1342 rastra
383 1316 423 1342 se
456 1305 610 1354 cepisse
643 1302 740 1341 dicit
774 1299 835 1351 (fr.
870 1298 930 1351 9),
972 1300 1189 1340 Chaldaeos
1221 1299 1318 1344 sibi,
1360 1312 1449 1338 cum
1490 1300 1650 1338 iuuenis
1681 1297 1750 1337 ol»-

223 1373 330 1411 scuri
363 1372 536 1410 nominis
568 1376 691 1414 esset,
725 1369 937 1408 caelestem
969 1370 1092 1407 uitam
1124 1372 1161 1406 et
1192 1369 1427 1406 memoriam
1459 1379 1544 1406 esse
1577 1368 1752 1405 futuram

225 1441 460 1477 uaticinatos
493 1451 578 1477 esse
612 1438 673 1489 (fr.
707 1434 758 1475 21
793 1450 825 1475 c.
860 1436 987 1489 adn),
1028 1437 1223 1475 Graecum
1263 1435 1460 1487 quendam
1502 1434 1606 1473 haud
1638 1435 1751 1484 igno-

226 1507 345 1545 bilem
378 1506 572 1545 diuinitus
604 1507 799 1544 monitum
831 1503 931 1547 sibi,
974 1516 1064 1542 rum
1096 1505 1135 1542 in
1168 1504 1334 1542 Graecia
1376 1508 1498 1546 esset,
1540 1503 1753 1540 uictoriam

224 1574 552 1617 (slrcltomeniam,
586 1573 707 1612 alium
740 1571 879 1610 eodem
912 1578 1089 1623 tempore
1123 1584 1221 1622 quae
1256 1572 1294 1609 in
1317 1570 1430 1609 Italia
1455 1572 1587 1609 sutura
1621 1574 1753 1608 essent.

225 1641 469 1693 praedixisse
503 1642 565 1691 (t'r.
602 1638 689 1691 lssj,
730 1639 979 1691 plurimaque
1020 1641 1151 1677 omnia
1190 1638 1363 1677 secunda
1403 1637 1481 1676 sibi
1521 1638 1751 1688 contigisse,

225 1722 313 1748 euni
347 1722 366 1747 e
399 1709 565 1747 Graecia
598 1709 637 1746 in
672 1707 822 1745 ltaliam
856 1708 1100 1746 traiecturus
1132 1713 1234 1745 esset
1269 1705 1330 1756 (l'r.
1368 1703 1447 1758 18).
1495 1706 1623 1756 Atque
1656 1705 1753 1744 haec

225 1851 333 1887 κέναι
361 1853 503 1895 μᾶλλον
530 1847 553 1896 ἢ
577 1849 669 1895 πρὸς
695 1847 860 1895 πόλεμον
888 1853 931 1897 τῇ
958 1848 1051 1895 τύχῃ
1078 1852 1144 1895 τῆς
1171 1847 1306 1895 ἀρετῆς
1339 1848 1455 1884 πλέον
1489 1847 1588 1884 ἔοικε
1622 1846 1752 1892 νέμειν

227 1908 304 1942 καὶ
338 1903 449 1948 ὅλως
483 1904 652 1942 ἑαυτὸν
684 1908 761 1942 τοῦ
796 1908 1019 1950 δαίμονος
1056 1911 1213 1942 ποιεῖν
1248 1907 1307 1949 (fr.
1341 1907 1388 1949 8).
1444 1919 1472 1942 e.
1505 1908 1547 1939 34
1580 1900 1679 1939 οὕτω
1711 1902 1753 1939 δὲ

227 1960 301 2007 ἄρα
328 1960 371 1998 οὐ
399 1968 485 2003 ταῖς
514 1962 697 2007 πράξεσιν
723 1960 772 2003 ὠς
798 1968 878 2003 τοῖς
906 1960 1165 2008 εὐτυχήμασιν
1191 1960 1399 1998 ἐπίστευεν.

321 2022 344 2062 ¹)
374 2022 556 2064 Equidem
583 2022 715 2053 adduci
742 2032 813 2053 non
841 2032 1004 2063 possum,
1032 2025 1071 2053 ut
1096 2022 1130 2053 id
1157 2033 1193 2053 re
1220 2032 1308 2053 uera
1326 2021 1484 2053 sensisse
1513 2019 1657 2051 credam
1677 2018 1755 2051 Sul-

229 2080 316 2118 lam⁷
363 2079 404 2110 de
440 2088 508 2119 quo
547 2079 711 2120 grauiter
752 2079 889 2109 monuit
920 2078 961 2110 L.
997 2078 1187 2109 Lucullum
1219 2073 1341 2120 μηδὲν
1373 2068 1491 2113 οὕτως
1533 2069 1754 2116 ἀξιόπιστον

231 2130 414 2177 ἡγεῖσθαι
433 2133 497 2166 καὶ
516 2132 686 2176 βέβαιον,
715 2128 762 2171 ὡς
782 2127 839 2166 ὅτι
865 2127 912 2165 ἂν
938 2127 1199 2176 ἀποσημανθῇ
1221 2130 1285 2165 διὰ
1304 2132 1377 2166 τῶν
1396 2127 1583 2165 ἐνυπνίων
1609 2132 1667 2173 (fr.
1687 2134 1707 2164 8
1726 2143 1754 2163 c.

231 2190 385 2232 adnot.)‚
420 2200 570 2232 eumque
597 2190 776 2222 hominem
803 2190 1198 2232 superstitiosissimum
1226 2190 1359 2229 fuisse,
1392 2188 1535 2230 qualem
1563 2198 1600 2220 se
1627 2187 1755 2219 haberi

231 2248 320 2279 uult.
371 2257 517 2288 prorsus
545 2248 636 2278 enim
664 2246 874 2288 discrepant
908 2257 986 2278 cum
1020 2250 1151 2277 natura.
1179 2246 1437 2288 superstitiosa
1469 2255 1509 2276 ea
1537 2254 1628 2286 quae
1656 2243 1756 2276 Sulla

232 2305 339 2344 fecit,
367 2303 538 2344 templum
566 2303 781 2344 Delphicum
809 2303 886 2333 sine
913 2303 988 2334 ullo
1016 2302 1149 2344 pudore
1176 2303 1354 2344 diripiens
1385 2304 1494 2342 atque
1523 2304 1559 2332 et
1588 2300 1693 2332 deum
1719 2303 1756 2331 et

230 2359 456 2391 sacerdotem
491 2360 658 2400 superbis
691 2359 836 2390 facetiis
869 2358 1035 2391 inludens
1067 2358 1177 2390 (Plut.
1205 2358 1294 2390 Snll.
1325 2358 1392 2397 12).
1442 2357 1611 2389 Ceterum
1646 2357 1754 2388 etiam

230 2416 450 2448 Plutarchus
477 2415 677 2453 dubitauit,
706 2425 788 2446 num
807 2424 895 2446 nera
921 2419 1044 2446 essent
1070 2425 1160 2455 quae
1184 2414 1285 2446 Sulla
1311 2414 1354 2445 de
1381 2413 1570 2445 daemonio
1597 2423 1661 2445 suo
1680 2412 1754 2455 glo-

232 2473 396 2504 riaretur.
436 2471 523 2504 Sull.
550 2474 586 2502 6:
614 2469 763 2508 Σύλλας
790 2467 830 2503 δὲ
858 2463 902 2502 οὐ
928 2466 1045 2511 μόνον
1071 2466 1196 2513 ἡδέως
1220 2467 1465 2512 προσιέμενος
1489 2466 1555 2501 τὸν
1581 2467 1755 2501 τοιοῦτον

232 2522 530 2570 εὐδαιμονισμὸν
561 2526 625 2559 καὶ
657 2526 769 2570 ζῆλον
801 2521 897 2558 ἀλλὰ
929 2524 993 2558 καὶ
1028 2520 1225 2566 συναύξων
1263 2524 1328 2557 καὶ
1366 2518 1671 2564 συνεπιθειάζων
1709 2519 1754 2556 τοὶ

189 2624 193 2629 ‚
232 2580 474 2626 πραττόμενα
507 2582 573 2625 τῆς
606 2578 721 2626 τύχης
753 2579 933 2625 ἐξῆπτεν,
967 2581 1040 2615 εἴτε
1074 2577 1228 2624 κόμπῳ
1260 2578 1490 2625 χρώμενος
1523 2575 1604 2613 εἴθ’
1637 2573 1755 2618 οὕτως

233 2637 326 2682 ἔχων
352 2637 397 2682 τῇ
423 2637 516 2682 δόξῃ
541 2634 634 2681 πρὸς
659 2634 699 2672 τὸ
726 2639 850 2672 θεῖον.
901 2639 1071 2671 Imitatus
1104 2642 1223 2671 autem
1252 2642 1306 2671 est
1332 2637 1435 2670 Sulla
1460 2637 1529 2669 hac
1555 2639 1590 2668 in
1616 2647 1652 2669 re
1680 2636 1754 2669 Sei-

232 2698 373 2738 pionem
402 2697 633 2737 Africanum,
662 2696 720 2738 qui
746 2696 851 2735 item,
888 2698 927 2726 ut
952 2695 1107 2737 populus
1132 2695 1286 2736 imperia
1312 2692 1535 2735 consiliaque
1561 2702 1628 2724 sua
1653 2692 1755 2726 uelut

232 2757 329 2784 sorte
361 2753 499 2784 oraculi
530 2753 640 2785 missa
675 2753 754 2784 sine
780 2751 1012 2783 cunctatione
1042 2754 1313 2793 exsequeretur,
1347 2750 1520 2792 pleraque
1548 2749 1645 2791 apud
1669 2749 1758 2780 mul-

235 2809 428 2840 titudinem
461 2812 524 2840 aut
557 2813 597 2840 ut
630 2819 693 2851 per
725 2811 943 2840 ‘nocturnas
975 2807 1055 2838 uisa
1087 2807 1231 2849 speeies
1263 2810 1326 2838 aut
1357 2805 1458 2838 uelut
1485 2805 1657 2837 diuinitus
1683 2815 1755 2837 mo-

235 2865 335 2895 nita’
361 2865 452 2906 egit,
480 2868 519 2897 ut
546 2865 597 2897 ait
615 2864 743 2898 Liuius
762 2865 881 2898 XXVI
903 2865 955 2905 19,
975 2866 994 2897 3
1020 2863 1095 2906 (qui
1122 2874 1187 2896 sna
1206 2862 1401 2905 exscripsit
1426 2873 1468 2893 ex
1487 2860 1638 2903 Polybio
1657 2862 1687 2893 X
1706 2859 1752 2903 2).
