1884 3213
481 183 521 214 L.
550 181 782 216 CORNELII
809 181 1040 215 SISENNAE
1069 182 1327 215 HISTORIAE
1572 181 1654 222 283

133 299 281 336 riarum
328 296 432 335 libro
472 296 547 334 Ill:
600 296 655 335 Ad
697 296 835 335 binum
879 296 1034 334 milium
1077 308 1244 334 numero
1277 298 1422 335 sauciis
1456 298 1655 347 utrimque

132 366 259 404 factis.
961 396 963 399 .

244 428 318 471 37.
366 431 467 470 Non.
515 444 545 470 s.
596 444 634 470 u.
673 434 834 470 inermis
867 443 912 480 J).
951 428 1035 469 492
1082 432 1249 470 Sisenna
1292 432 1429 470 histor.
1470 431 1539 470 lib.
1580 432 1652 470 lll:

135 500 316 550 Plerique
348 500 514 538 inermis
547 501 587 538 in
620 504 749 538 castra
780 500 1025 550 perfugiunt.
1686 548 1694 556 ἃ

94 587 109 611 5
244 563 318 606 38.
350 566 454 605 Non.
486 579 512 605 s.
548 579 585 606 u.
617 567 765 606 lembus
792 578 832 615 p.
865 563 949 605 534
979 566 1146 604 Sisenna
1179 566 1318 604 histor.
1352 566 1421 604 lib.
1455 566 1527 604 lll:
1562 569 1653 605 Ota-
1684 600 1688 605 .

132 634 270 672 cilium
304 634 475 684 legatum
507 647 597 673 cum
629 634 788 686 scaphis
819 647 862 672 ac
895 633 1050 672 lembis.

243 698 317 741 39.
350 702 451 740 Non.
484 714 514 740 s.
548 714 583 741 u,
619 704 829 741 actuariae
858 698 942 740 535
973 701 1138 739 Sisenna
1171 701 1262 739 bist.
1296 701 1365 739 lib.
1398 701 1467 739 111:
1502 700 1656 747 Quibus

132 770 276 808 occisis
318 771 513 808 actuarias
545 769 592 808 ad
625 771 770 820 uiginti
802 770 936 812 nauis,
970 770 1065 807 item
1097 768 1324 819 complures
1356 770 1560 806 onerarias
1594 770 1654 807 in-

131 837 318 876 cendunt.

83 925 114 949 10
244 901 318 944 40.
359 906 459 943 Non.
498 918 529 944 s.
570 918 605 944 u.
647 905 856 953 catapulta
889 916 934 952 p.
965 901 1048 942 552
1088 903 1255 942 Sisenna
1294 903 1434 941 histor.
1478 903 1547 942 lib.
1582 903 1654 941 Ill:

131 973 342 1011 Praeterea
381 972 598 1024 catapultas
630 972 823 1016 sedecim,
864 976 1050 1022 quattuor
1084 970 1272 1014 ballistas,
1307 972 1451 1021 uiginti
1482 971 1657 1022 plaustra

134 1042 305 1091 scorpiis
337 1053 380 1079 ac
414 1039 638 1081 minoribus
670 1041 825 1090 sagittis
857 1044 1011 1078 onusta.

244 1105 318 1147 41.
359 1109 460 1147 Non.
501 1119 532 1146 S.
566 1120 604 1146 u.
636 1109 794 1156 scorpio
818 1118 863 1155 p.
894 1103 977 1145 553
1017 1106 1182 1144 Sisenna
1214 1106 1306 1145 hist.
1339 1106 1409 1144 lib.
1444 1106 1515 1144 111:
1556 1106 1657 1144 Lon-

132 1177 221 1225 gius
253 1178 433 1226 scorpios
465 1175 661 1226 catapulta
694 1175 886 1213 concitos.

81 1262 110 1287 15
246 1240 319 1282 42.
354 1244 455 1282 Non.
488 1245 679 1282 nominat.
706 1254 787 1291 pro
817 1243 893 1281 ahl.
918 1254 962 1291 p.
983 1239 1066 1281 502
1098 1241 1265 1280 Sisenna
1297 1241 1553 1279 historiarum
1586 1241 1656 1280 lib.

131 1311 204 1349 Ill:
237 1310 379 1350 Omnia
410 1324 509 1362 quae
532 1311 705 1350 diximus
736 1310 822 1349 loca
854 1311 987 1348 statim
1018 1310 1180 1360 potitus.

245 1375 320 1418 43.
366 1379 470 1417 Non.
517 1390 547 1416 s.
595 1390 632 1416 ιι.
672 1380 710 1416 2'72
748 1379 937 1427 populum
974 1389 1015 1425 p.
1062 1373 1142 1415 130
1186 1376 1353 1415 Sisenna
1400 1377 1658 1415 historiarum

133 1446 239 1484 libro
261 1446 333 1484 III:
368 1446 580 1485 Seruulum
614 1448 700 1484 eius
731 1446 909 1496 praemio
942 1443 1141 1482 libertatis
1173 1444 1378 1482 inductum
1401 1455 1542 1494 magno
1566 1456 1656 1482 eum

135 1514 307 1552 tumultu
340 1519 582 1553 conuentum
614 1516 654 1552 in
686 1512 876 1565 populum
908 1511 1096 1563 produxit
1128 1516 1336 1550 armatum.

227 1668 295 1704 39.
322 1671 470 1703 Iterauz‘t
495 1671 624 1703 Nonius
648 1681 676 1702 s.
702 1682 732 1703 u.
761 1671 941 1702 onerariae
965 1680 999 1710 p.
1027 1669 1102 1701 536.

248 1827 328 1880 36,
364 1833 396 1868 1.
430 1832 590 1867 nomiero
622 1828 674 1866 L¹
823 1830 962 1865 saucius
996 1824 1089 1863 LF¹
1153 1829 1300 1864 saucciis
1342 1829 1388 1863 W
1418 1831 1453 1864 in
1486 1839 1566 1864 ras.

136 1889 315 1935 utrimque
356 1889 405 1923 W
431 1891 468 1924 in
501 1898 580 1923 ras.

248 1939 322 1992 37,
355 1944 392 1981 4.
426 1944 589 1991 plerique
619 1945 690 1979 LV
748 1943 930 1990 plerisque
973 1942 1018 1976 W
1131 1942 1301 1977 inhermis
1334 1942 1363 1976 L

249 1996 324 2049 38,
358 2002 394 2037 6.
428 1999 531 2036 scafis
562 1996 616 2036 L¹

247 2096 330 2151 39,
372 2102 407 2137 7.
450 2103 483 2136 in
522 2101 563 2136 Ill
605 2068 710 2137 htisto
742 2101 779 2136 F
833 2113 867 2148 p.
901 2099 1000 2136 536:
1041 2099 1123 2134 hist.
1156 2111 1224 2135 om.
1268 2100 1297 2134 V
1438 2098 1474 2133 8.
1516 2060 1573 2133 xli<
1616 2099 1662 2133 W

136 2169 193 2215 (p.
227 2169 320 2205 535.
353 2167 447 2218 536)
594 2153 694 2204 malis
727 2169 820 2204 LW
842 2169 873 2203 V
927 2167 1026 2202 nauis
1060 2167 1096 2201 F
1124 2178 1166 2212 p.
1191 2165 1272 2201 536
1333 2176 1441 2201 naues
1475 2167 1502 2201 L
1524 2167 1569 2200 W
1588 2165 1660 2200 VF

194 2225 285 2260 idem
307 2225 337 2260 L
358 2226 406 2260 W
423 2226 453 2261 V
508 2226 593 2260 item
617 2225 652 2259 F
678 2237 716 2271 p.
739 2225 819 2265 536
851 2224 880 2259 L
900 2224 946 2259 W
966 2223 1038 2259 VF
1151 2221 1342 2268 conplures
1366 2223 1394 2256 L
1423 2233 1461 2267 p.
1486 2222 1566 2258 536
1600 2218 1659 2257 L¹.

250 2287 325 2339 40,
361 2292 422 2328 10.
457 2293 491 2327 in
524 2291 565 2326 lll
598 2292 690 2327 histo
723 2293 759 2327 F
880 2291 941 2326 11.
976 2295 1136 2337 preterea
1182 2289 1255 2324 VF
1366 2288 1574 2335 caltapultas
1617 2290 1664 2323 W

195 2348 266 2383 xvi
301 2348 334 2382 F
446 2344 620 2396 ballistas]
654 2360 669 2382 s
702 2351 739 2384 in
761 2348 791 2383 L
812 2359 841 2383 s.
863 2349 928 2383 lin.
1040 2345 1160 2392 uigirti
1192 2345 1221 2379 L
1242 2346 1272 2380 Γ
1328 2344 1383 2379 XX
1415 2345 1451 2379 F
1561 2344 1660 2392 plau-

139 2410 212 2439 tras
251 2405 363 2440 corris
406 2404 502 2439 LW
520 2405 549 2438 V
589 2406 647 2447 (in
688 2405 717 2439 L
750 2407 878 2450 prima
920 2415 936 2437 r
975 2414 1003 2437 S.
1043 2402 1094 2443 l.)
1163 2400 1321 2447 plaustra
1363 2402 1487 2436 scoriis
1528 2401 1562 2435 F

141 2460 204 2497 12.
243 2461 376 2508 corytis
414 2461 565 2506 Lipsius
631 2461 757 2495 coricis
798 2460 971 2506 Scaliyer
1039 2457 1188 2504 scorpiis
1230 2457 1326 2493 Rollz
1508 2457 1662 2491 honusta

138 2511 192 2551 L2
214 2517 260 2551 W
280 2517 308 2552 V
366 2516 547 2564 (hostiuua
579 2516 606 2551 L
623 2513 648 2560 ¹)

250 2567 334 2620 41,
376 2571 439 2608 14.
479 2572 642 2619 scorpius
684 2567 749 2606 W¹
786 2577 953 2608 celerum
993 2581 1221 2616 (famaquam
1252 2571 1386 2604 lemma
1419 2573 1472 2603 es!
1505 2568 1660 2614 scorpio,

140 2634 263 2664 tamen
294 2629 456 2675 scorpios
489 2633 543 2664 est
574 2639 657 2664 cccc.
689 2630 793 2674 plur.
924 2626 1119 2674 catapultas
1153 2626 1253 2672 uuly.
1385 2625 1538 2659 eoncitat
1571 2629 1660 2659 ante

139 2685 358 2721 Mercerum
383 2685 580 2721 edebatur.

252 2736 323 2788 42,
358 2741 421 2777 16.
452 2740 508 2776 llll
540 2741 577 2776 F
690 2751 758 2786 que
801 2741 873 2776 VF
987 2739 1104 2785 potius
1148 2738 1237 2772 WF

253 2802 328 2854 43,
363 2807 426 2844 18.
458 2807 628 2843 indictum
660 2807 790 2843 LWF
963 2806 1023 2842 19.
1064 2801 1238 2853 tumultu]
1280 2804 1354 2839 tulo
1393 2799 1443 2839 L¹
1485 2814 1570 2850 pop.
1603 2798 1658 2838 [1²

143 2874 291 2910 supscr.
352 2863 487 2911 populo
520 2859 574 2899 F¹
639 2862 775 2899 tumulo
808 2873 957 2911 supscr.
993 2856 1049 2897 F²
