1884 3213
625 189 666 224 A.
691 189 965 223 POSTVMIVS
991 189 1196 223 ALBINVS
1487 198 1611 229 CXXV

89 310 208 349 rator„
241 303 359 342 simul
392 314 530 341 causas
562 305 724 354 repetiit
756 310 793 341 et
826 317 898 354 qua
932 305 1084 342 ratione
1117 304 1293 353 singulae
1325 316 1390 341 res
1422 303 1609 342 cohaere—

89 377 192 417 rent,
226 371 442 422 explieauit
476 367 770 422 (πραγματικὴ
804 374 909 410 enim
943 373 1029 410 eius
1061 372 1229 410 historia
1262 385 1281 409 a
1314 372 1478 422 Polybio
1511 372 1608 410 dici-

89 440 179 490 tur),
213 444 329 490 atque
362 444 461 476 teste
494 439 685 477 Cicerone
719 438 841 489 (acad.
867 440 890 477 1.
915 440 960 491 s.)
995 440 1113 477 etiam
1147 440 1186 477 in
1218 439 1289 477 liae
1314 452 1354 477 re
1379 454 1418 477 se
1452 440 1611 479 doctum

88 509 291 547 hominem
324 508 539 558 praestitit.
602 506 713 552 Quod
746 508 777 544 si
811 506 1094 551 addiderimus,
1129 519 1217 545 eum
1242 507 1371 546 uideri
1395 520 1456 546 res
1489 508 1610 546 dedu-

93 577 197 614 xisse
230 574 277 613 ab
311 576 467 625 origine
500 573 633 618 urbis,
667 576 802 625 utique
842 574 889 612 ab
936 576 1051 613 initio
1098 574 1298 612 libertatis
1337 578 1395 613 rei
1428 575 1611 627 publicae

92 643 154 695 (fr.
177 640 231 695 2),
265 648 302 681 et
335 643 582 694 pertexuisse
615 654 739 693 usque
772 641 818 680 ad
851 655 959 680 suam
983 647 1163 687 aetatem,
1198 642 1318 681 habes
1348 656 1445 694 quae
1469 643 1515 682 de
1539 643 1610 681 lio(-

92 711 197 750 libro
231 710 378 749 adferri
410 715 638 761 potuerunt.
701 722 827 761 neque
856 711 962 748 enim
994 710 1161 749 multum
1186 710 1386 749 leetitatus
1409 711 1473 749 scd
1498 711 1610 749 breui

89 785 266 830 tempore
297 777 492 816 obliuioni
524 777 635 816 datus
668 784 737 816 est.

203 846 314 892 Quod
346 851 475 884 autem
506 845 630 884 Fabio
663 851 700 884 et
731 845 872 891 Acilio,
906 845 1009 884 idem
1034 846 1127 885 huie
1151 846 1352 885 Postumio
1375 845 1518 885 Albino
1550 860 1612 884 as·-

91 915 201 959 eidit,
234 919 277 952 ut
308 913 412 952 liber
444 914 592 952 Graece
625 915 797 964 scriptus
830 916 869 952 in
901 926 1124 952 sermonem
1158 915 1339 953 Latinum
1373 920 1611 953 uerteretur.

91 982 212 1021 uerba
245 983 351 1020 enim
383 981 573 1033 quaedam
596 981 733 1019 Latina
767 994 812 1020 ex
844 982 1038 1020 Postumii
1060 981 1194 1020 Albini
1217 982 1348 1021 annali
1370 984 1500 1033 primo
1523 996 1612 1034 pro-

92 1051 182 1089 tulit
212 1049 438 1088 Macrobius
471 1047 607 1099 (s1·.2).
660 1050 727 1087 sed
759 1052 846 1101 quis
878 1051 1048 1089 uerterit
1081 1052 1293 1089 nescimus.
1347 1063 1474 1102 neque
1507 1052 1613 1089 enim

93 1119 292 1157 adsentior
305 1117 455 1161 Vossio,
479 1118 546 1167 qui
571 1114 621 1167 (d.
646 1117 736 1155 bist.
760 1118 841 1156 Lat.
860 1118 930 1157 lib.
954 1118 1020 1157 Ic.
1036 1115 1060 1155 6
1078 1131 1114 1169 p.
1133 1116 1198 1170 24)
1224 1118 1328 1157 hunc
1351 1119 1611 1162 Postumium,

93 1199 208 1237 quem
241 1185 356 1223 modo
388 1183 724 1230 adumln'auimus,
759 1186 929 1224 eundem
961 1191 999 1224 et
1031 1186 1179 1225 Graece
1211 1191 1249 1224 et
1280 1186 1420 1225 Latine
1452 1187 1613 1225 annales

92 1255 350 1305 conposuisse
382 1254 550 1291 censuit.
612 1255 737 1303 magis
769 1253 920 1292 inclino
952 1255 992 1292 in
1024 1266 1110 1292 eain
1141 1256 1390 1299 sententiam,
1424 1259 1465 1292 ut
1494 1255 1613 1292 alium

93 1322 339 1361 Postumium
372 1322 513 1372 proaui
545 1320 705 1358 annales
738 1322 777 1359 in
809 1321 992 1359 Latinum
1026 1334 1163 1360 uersos
1187 1327 1224 1360 et
1246 1322 1293 1360 ad
1316 1334 1424 1360 suam
1447 1327 1614 1361 aetatem

93 1391 343 1430 continuatos
375 1388 448 1427 sub
481 1401 552 1426 suo
584 1390 743 1427 nomine
777 1391 920 1427 iteruin
953 1389 1123 1428 edidisse
1146 1394 1327 1428 statuam.
1380 1402 1614 1440 quamquam

93 1458 197 1510 quod
230 1457 379 1495 Krause
411 1469 448 1507 p.
485 1453 565 1493 129
612 1457 698 1494 eius
744 1458 962 1496 sententiae
1001 1456 1129 1495 adfert
1171 1462 1466 1507 argumentum,
1500 1457 1614 1495 futile

95 1531 173 1564 est:
208 1525 453 1569 Ciceronem,
482 1523 666 1568 Gellium,
700 1524 969 1570 Plutarchum,
1004 1537 1095 1563 eum
1118 1525 1308 1563 adderent
1331 1526 1479 1563 Graece
1503 1525 1614 1562 illum

94 1593 280 1632 Albinum
321 1593 531 1643 scripsisse
573 1597 609 1630 et
649 1592 852 1631 consulein
890 1593 1013 1631 fuisse
1052 1606 1141 1631 cum
1181 1592 1222 1630 L.
1256 1592 1439 1636 Lucullo,
1474 1592 1614 1630 distin-

99 1673 220 1711 guere
254 1672 343 1699 eum
375 1660 550 1698 uoluisse
583 1659 630 1697 ab
664 1660 741 1698 alio
773 1660 951 1699 eiusdem
983 1662 1171 1705 nominis,
1205 1662 1271 1711 qui
1294 1660 1432 1698 Latine
1455 1660 1615 1698 annales

95 1730 335 1780 scripsisset.
398 1727 446 1765 ab
480 1726 665 1765 omnibus
696 1728 785 1766 aliis
817 1729 922 1766 enim
954 1728 1168 1767 Postumiis
1198 1727 1367 1772 Albinis,
1401 1729 1469 1778 qui
1502 1728 1615 1766 multi

96 1802 220 1841 erant„
254 1796 357 1834 hunc
391 1797 628 1846 scriptorem
660 1795 906 1845 distinguere
938 1795 1144 1841 uolebant,
1185 1808 1263 1834 non
1301 1795 1349 1834 ab
1382 1795 1458 1834 alio
1492 1795 1614 1833 histo-

96 1866 193 1903 rico.
255 1864 382 1915 potuit
414 1868 544 1902 autem
583 1864 702 1901 etiam
741 1863 814 1901 hoc
855 1865 962 1907 lieri,
1003 1869 1045 1902 ut
1082 1863 1309 1903 Macrobius
1348 1875 1485 1901 eorum
1527 1875 1614 1901 uer-

96 1931 236 1970 borum
269 1944 367 1982 quae
400 1932 439 1969 in
471 1932 718 1982 praefatione
751 1944 797 1969 ex
831 1931 957 1969 Gellio
990 1932 1275 1982 descripserat,
1316 1932 1531 1974 inmemor,
1573 1944 1617 1968 ea

96 2012 195 2051 quae
228 2000 267 2036 in
302 1999 558 2037 translatione
592 1998 727 2037 Latina
759 2000 800 2037 Α.
836 1999 1030 2037 Postumii
1064 2001 1290 2042 inuenerat,
1326 2000 1450 2049 ipsius
1481 1998 1615 2037 Albini

97 2080 182 2105 esse
214 2068 459 2105 existimaret
493 2065 734 2116 (Seliweglm'
765 2066 781 2104 I
811 2080 848 2118 p.
883 2064 948 2105 80.
999 2066 1228 2117 Bernhardy
1269 2066 1359 2104 bist.
1395 2067 1469 2104 litt.
1503 2066 1613 2103 Rom,

98 2149 133 2186 p.
167 2132 276 2187 (342).
339 2146 402 2173 res
448 2136 569 2184 igitur
615 2133 733 2172 dubia
781 2140 840 2172 est
886 2147 1012 2185 neque
1060 2136 1099 2173 in
1147 2140 1250 2173 tanta
1298 2135 1615 2172 testilutmiorum

97 2204 229 2253 inopia
261 2202 434 2240 discerni
466 2207 607 2252 potest.

209 2270 385 2319 Denique
418 2271 534 2307 ‹fftiam
568 2269 669 2320 apud
702 2282 772 2307 nos
806 2270 920 2308 uides
960 2282 1080 2308 111111111
1121 2271 1385 2319 fragmentum
1417 2269 1510 2307 libri
1546 2269 1615 2307 l'o-

98 2339 298 2377 stumiani.
332 2338 398 2387 qui
432 2338 647 2387 inscriptus
680 2342 737 2374 est
769 2338 827 2375 De
858 2339 1035 2375 aduentu
1067 2338 1223 2375 Aeneae
1256 2335 1322 2387 (3).
1385 2337 1452 2374 sed
1491 2337 1617 2375 fateor

100 2417 159 2442 me
200 2404 238 2442 id
288 2406 457 2442 inuitum
497 2406 537 2442 in
585 2405 784 2442 annalium
834 2406 1053 2454 fragmenta
1093 2418 1170 2442 non
1210 2405 1421 2454 recepisse.
1493 2406 1617 2453 magis

100 2473 205 2509 enim
237 2472 334 2509 mihi
367 2471 497 2522 placet
530 2472 715 2510 Seruium
749 2470 826 2522 (uel
859 2485 948 2510 eum
979 2474 1046 2523 qui
1078 2472 1257 2511 codicem
1296 2471 1519 2509 Parisinum
1552 2484 1615 2508 ex-

100 2540 239 2583 arauit,
273 2539 380 2577 solus
402 2540 506 2576 enim
540 2539 603 2578 liic
627 2552 673 2577 ex
695 2539 875 2577 Tliilonis
897 2539 1014 2578 libris
1046 2540 1112 2578 illa
1144 2539 1268 2577 uerba
1290 2539 1493 2589 seruauit),
1527 2550 1616 2575 eum

100 2607 219 2643 nimis
251 2606 503 2645 contraheret
534 2608 711 2645 auctoris
743 2609 805 2645 sui
838 2607 961 2646 uerba
996 2607 1107 2657 (quae
1139 2607 1232 2645 talia
1264 2607 1346 2644 fere
1379 2606 1501 2643 fuisse
1534 2606 1615 2642 exi-

101 2673 347 2710 stimauerim
393 2674 613 2713 Postumius
658 2676 800 2712 annali
833 2676 987 2723 primo,
1034 2675 1102 2712 uhi
1143 2675 1310 2722 exponit
1358 2674 1406 2710 cle
1443 2673 1617 2710 aduentu

101 2741 259 2777 Aeneae
295 2744 333 2777 et
370 2740 553 2778 Lutatius
589 2743 843 2780 communium
891 2742 1175 2789 historiarum),
1215 2739 1471 2788 neglegenter
1511 2738 1616 2776 illam

102 2807 404 2857 inscriptionem
460 2808 657 2856 posuisse,
710 2821 824 2858 quam
878 2808 1144 2849 Postumium,
1206 2818 1294 2843 eum
1349 2805 1395 2843 (le
1446 2805 1617 2843 aduentu

101 2874 254 2912 Aeneae
293 2874 411 2911 etiam
450 2874 488 2911 in
529 2874 738 2913 annalibus
776 2876 857 2913 suis
898 2875 945 2913 ab
984 2875 1138 2923 origine
1177 2885 1312 2911 rerum
1350 2872 1615 2912 Romanarum
