1884 3213
201 190 237 231 ΕΦ.

235 192 254 229 νυ

258 191 283 230 m

816 186 1116 228 RELLIQVIAE

827 332 950 374 LIB.
990 330 1107 373 XVI

316 436 389 481 78.
429 440 530 477 Non.
561 451 592 477 s.
626 451 662 476 u.
695 438 943 476 lelnm'bmzde
970 448 1011 486 p.
1047 433 1127 474 122
1158 436 1345 475 Claudius
1376 436 1589 475 annalibus
1620 435 1725 474 libro

207 507 304 546 XVI:
340 507 471 559 Equae
506 505 755 545 liinnilnunle
789 507 894 544 inter
927 517 980 571 se)
1001 508 1234 556 spargentes
1265 509 1412 543 terrani
1444 503 1634 543 calcibus.

794 648 918 691 LIB.
959 648 1135 690 XVIII

319 752 391 795 79.
425 756 522 794 Geel.
555 755 577 793 I
608 753 645 799 7,
679 752 703 793 9
736 754 779 792 ln
819 753 1145 792 duodeuicesimo
1185 753 1316 792 annali
1349 753 1526 791 eiusdem
1558 752 1727 798 Quadri-

205 825 306 871 garii
338 824 584 874 principium
617 821 712 860 libri
744 823 801 859 sic
833 822 1047 872 scriptum:
1083 820 1123 858 Si
1147 833 1218 871 pro
1240 826 1306 859 tua
1334 820 1511 859 bonitate
1534 826 1570 859 et
1595 826 1728 859 nostra

207 891 409 929 uoluntate
441 890 516 929 tibi
551 889 727 929 ualitudo
760 889 955 940 subpetit,
995 894 1053 927 est
1083 888 1187 939 quod
1219 900 1446 939 speremus,
1487 888 1581 927 deos
1614 887 1762 930 bonis5

208 958 306 997 bene
338 959 551 997 facturuln.

318 1022 393 1065 80.
424 1025 562 1064 Senec.
602 1026 651 1063 de
690 1023 822 1071 benef.
853 1023 925 1062 III
953 1020 1027 1068 23,
1064 1023 1091 1062 2
1137 1023 1323 1063 Claudius
1363 1024 1650 1074 Quadrigarius
1690 1025 1729 1062 in

207 1093 531 1133 duodeuicesimo
571 1092 774 1131 annalium
804 1091 948 1136 tradit,
991 1104 1081 1130 cum
1113 1090 1367 1130 obsideretur
1399 1092 1662 1130 Grumentum
1694 1096 1732 1130 et

209 1164 285 1200 iam
331 1161 377 1199 ad
416 1173 608 1200 summam
650 1160 969 1211 desperationem
1008 1164 1174 1197 uentum
1214 1163 1337 1202 esset,
1385 1158 1482 1197 duos
1514 1171 1653 1197 seruos
1684 1158 1731 1197 ad

210 1230 361 1267 bostem
393 1230 655 1279 transfugisse
687 1233 725 1266 et
756 1239 900 1279 operae
932 1229 1107 1279 pretium
1137 1227 1294 1265 fecisse.
1327 1225 1470 1265 deinde
1493 1226 1592 1265 urbe
1614 1232 1728 1278 capta
1748 1243 1778 1268 ιο

211 1298 354 1347 passim
394 1296 645 1335 discurrente
677 1297 831 1335 uictore
865 1295 955 1334 illos
986 1307 1058 1346 per
1089 1300 1180 1333 nota
1211 1295 1356 1334 itinera
1389 1295 1435 1333 ad
1467 1294 1647 1338 domuin,
1690 1295 1732 1333 in

209 1378 284 1415 qua
317 1367 556 1408 seruierant,
589 1365 915 1415 praecucurrisse
947 1369 984 1402 et
1016 1363 1217 1401 dominam
1249 1374 1361 1402 suam
1392 1367 1482 1401 ante
1515 1375 1556 1401 se
1588 1363 1730 1413 egisse.

210 1432 496 1484 quaerentibus
528 1443 721 1483 quaenam
753 1436 877 1475 esset,
918 1430 1119 1469 dominam
1151 1435 1189 1469 et
1221 1430 1381 1481 quidem
1413 1429 1731 1468 crudelissimam

211 1500 257 1537 ad
289 1500 531 1551 supplicium
564 1499 613 1538 ab
646 1500 744 1551 ipsis
775 1498 867 1538 duci
896 1500 1097 1550 professos
1120 1510 1219 1536 esse.
1253 1497 1435 1536 eductam
1459 1497 1601 1536 deinde
1623 1502 1732 1535 extra

211 1579 345 1606 muros
376 1580 529 1606 summa
560 1579 656 1606 cura
688 1566 851 1611 celasse,
884 1566 1008 1605 donec
1036 1565 1192 1605 hostilis
1215 1567 1275 1604 ira
1297 1565 1537 1604 consideret.
1571 1564 1728 1609 deinde,
1749 1581 1779 1607 15

302 1711 362 1745 78.
389 1713 435 1752 cf.
462 1724 568 1754 supra
593 1724 627 1755 p.
657 1713 817 1745 CCCIII.

302 1755 371 1792 80.
399 1758 450 1798 Cf.
478 1758 635 1791 Mac-rob.
663 1759 684 1789 I
712 1760 762 1797 11,
788 1760 848 1790 23:
877 1757 965 1789 Cum
991 1762 1172 1799 premeret
1196 1757 1337 1790 obsidio
1364 1756 1611 1797 Grumentum,
1637 1758 1734 1789 serui

213 1803 342 1835 relicta
364 1803 509 1834 domina
537 1803 582 1834 ad
608 1803 732 1835 hostes
758 1803 1050 1844 transfugerunt.
1101 1802 1218 1844 Capto
1245 1802 1374 1834 deinde
1401 1802 1534 1844 oppido
1559 1802 1733 1844 impetum

213 1849 248 1879 in
274 1848 416 1879 domum
441 1847 568 1879 habita
594 1848 866 1889 conspiratione
902 1848 1068 1880 fecerunt
1095 1851 1131 1879 et
1163 1850 1400 1880 extraxerunt
1425 1847 1605 1879 dominam
1632 1846 1735 1879 uultu

214 1903 366 1935 poenam
392 1893 554 1925 minante
582 1903 624 1924 ac
650 1903 741 1925 uoce
769 1893 887 1925 obuiis
913 1893 1122 1934 adserente,
1150 1893 1244 1934 quod
1270 1892 1417 1924 tandem
1436 1893 1505 1924 sihi
1522 1893 1609 1924 data
1635 1895 1735 1925 esset

214 1939 319 1980 copia
346 1937 528 1969 crudelem
556 1937 735 1969 dominam
762 1938 957 1979 puniendi,
984 1941 1200 1980 raptamque
1227 1938 1331 1979 quasi
1358 1938 1405 1969 ad
1431 1937 1648 1979 supplicium
1674 1938 1735 1970 ob—

213 1983 349 2025 sequiis
382 1982 499 2024 plenis
531 1983 673 2024 pietate
705 1983 813 2014 tutati
845 1986 940 2014 sunt.
967 2000 1011 2005 —
1042 1984 1172 2024 I'opma
1202 1983 1288 2014 lame
1312 1993 1381 2014 rem
1414 1983 1524 2022 refert
1549 1984 1596 2014 ad
1618 1983 1735 2015 bellum

216 2029 408 2065 ,Uar-sivum,
433 2028 584 2067 fortasse
611 2029 657 2059 acl
681 2039 712 2061 a.
731 2029 785 2059 89.
805 2029 881 2068 665,
908 2039 971 2069 qno
989 2027 1030 2061 A.
1050 2027 1229 2060 Gabinius
1254 2027 1400 2068 legatus
1424 2028 1534 2059 rebus
1559 2027 1735 2059 aduersus

216 2075 382 2104 Lucanos
408 2082 580 2115 prospere
606 2073 721 2115 gestis
747 2076 783 2104 et
814 2073 1022 2114 plurimis
1054 2072 1233 2114 oppidis
1266 2073 1540 2114 expugnatis
1574 2072 1610 2103 in
1637 2072 1734 2104 obsi—

215 2119 321 2150 dione
359 2117 544 2151 hostilium
578 2121 780 2150 castrorum
819 2117 953 2149 cecidit
984 2117 1075 2158 (βίη.
1101 2128 1174 2159 per.
1202 2115 1272 2158 76).
1319 2117 1366 2158 ef.
1392 2117 1518 2157 Kiene,
1557 2118 1620 2149 der
1652 2118 1734 2152 νόηι,

218 2163 618 2205 Bnmlesyenossenlcriey
642 2174 677 2205 p.
703 2162 767 2195 213
794 2167 861 2195 not.
886 2164 917 2196 2.

329 2307 401 2360 78,
435 2314 469 2347 1.
501 2312 683 2348 claudibus
717 2313 752 2347 F
779 2325 801 2347 a
828 2323 893 2358 pr.
925 2324 969 2347 m.
1106 2311 1142 2347 2.
1173 2309 1235 2358 effi
1278 2312 1322 2347 W
1458 2311 1677 2360 liinnibunde
1707 2312 1737 2348 L

216 2368 456 2404 liinnibundae
497 2370 543 2404 W
600 2368 818 2404 liinnibunde
849 2369 885 2404 F
916 2369 1008 2408 (uid.
1039 2370 1206 2410 lemma).

329 2420 408 2473 79,
441 2426 478 2461 3.
517 2425 809 2461 ‹lnodeuieesinio
853 2425 962 2460 VPR
997 2424 1251 2471 (Stephanus)
1314 2425 1612 2473 duodenigesinio
1648 2435 1735 2460 exc.

216 2481 386 2527 Scioppii
442 2481 654 2517 duodecimo
687 2483 747 2518 uel
777 2480 835 2516 XII
865 2482 971 2517 codd.
1004 2492 1084 2517 rec.
1217 2480 1254 2518 5.
1287 2480 1445 2530 subpetit
1489 2481 1518 2517 V
1574 2481 1738 2528 suppetit

217 2538 289 2573 PR
323 2539 429 2573 codd.
462 2549 540 2574 rec.

326 2588 401 2641 80,
433 2598 470 2630 8.
504 2594 714 2629 duodecimo
747 2595 829 2630 cod.
864 2593 946 2629 Pal.
982 2596 1116 2630 lortius
1148 2594 1304 2630 Gratere·
1446 2596 1483 2630 9.
1514 2604 1622 2629 senos
1654 2594 1735 2630 cod.

221 2650 473 2696 Rntlemlorfie'
617 2650 678 2687 10.
714 2651 835 2686 liostes
868 2651 949 2687 eod.
986 2650 1139 2686 Trossii.
1289 2649 1354 2686 12.
1391 2651 1488 2685 serui
1520 2655 1621 2685 erant
1652 2650 1733 2685 cod.

219 2706 481 2752 Ronemlorfii.
523 2708 604 2743 cml.
646 2706 842 2752 Guelferb.
874 2707 894 2742 I
1048 2706 1110 2743 13.
1151 2712 1187 2742 et
1225 2717 1346 2754 quaer.
1385 2707 1467 2743 eod.
1510 2706 1609 2741 Roll.
1653 2707 1736 2741 cod.

222 2762 346 2797 Truss.
407 2763 734 2810 quaerentibusque
765 2762 907 2810 qnando
948 2768 1008 2798 aut
1046 2768 1166 2798 essent
1204 2764 1284 2799 cod.
1322 2763 1448 2799 Tross.
1596 2762 1660 2797 14.
1694 2761 1735 2796 ad

218 2817 428 2863 supplicium
467 2830 534 2853 om.
575 2820 655 2855 cod.
700 2819 825 2855 Tross.
1001 2818 1184 2865 professus
1224 2825 1279 2854 est
1326 2820 1406 2856 cod.
1448 2818 1573 2864 Guelf.
1613 2818 1634 2853 Ι

222 2872 282 2908 15.
319 2873 458 2909 hostilis
490 2886 572 2910 cura
604 2876 683 2911 eod.
722 2875 847 2911 Tross.
