1884 3213
254 186 370 216 ccxx
611 175 676 207 DE
702 174 1013 207 SCRIPTORVM
1042 172 1169 207 vl'r1S
1195 173 1256 204 ET
1282 172 1500 204 SCRIPTIS

253 290 447 330 mandam.
509 301 608 340 quae
639 289 820 340 quaestio
852 289 893 329 in
925 287 1005 326 illis
1037 299 1174 326 rerum
1212 285 1482 339 scriptoribus
1521 291 1601 325 tota
1633 286 1779 338 pendet

253 358 301 397 ab
334 356 579 402 auctoribus,
613 358 682 408 qui
713 355 763 395 ab
786 357 907 395 eisin
941 368 1055 394 usum
1078 357 1211 395 uocati
1242 367 1329 394 esse
1353 354 1577 393 uideantur.
1620 354 1779 393 Coelius

252 438 348 465 uero
388 425 594 477 pollicitus
626 429 711 464 erat
742 437 784 463 se
817 425 889 463 ‘ex
920 425 1083 476 scriptis
1115 436 1254 463 eorum
1286 424 1354 475 qui
1384 423 1474 462 ueri
1504 421 1777 461 arbitrantur’

253 491 380 545 (s1·.2)
414 493 650 531 hausturum
683 505 782 537 esse,
817 505 945 544 neque
977 505 1067 532 eum
1101 493 1140 531 in
1172 504 1251 531 uno
1284 493 1393 531 fonte
1415 489 1681 530 exscribendo
1713 503 1776 530 ac-

252 563 453 613 quieuisse
485 572 532 599 ex
563 560 680 599 Liuio
714 558 778 611 (fr.
810 558 878 614 29)
913 561 1124 606 discimus,
1158 561 1226 612 qui
1258 560 1305 599 de
1336 558 1513 598 Marcelli
1545 564 1674 598 morte
1704 560 1777 598 tri-

251 630 396 681 plicem
443 634 577 680 gestae
616 630 676 667 rei
715 629 898 668 ordinem
939 627 987 668 ab
1029 642 1076 668 eo
1116 628 1262 668 editam
1308 629 1503 667 certiores
1548 639 1620 667 nos
1668 628 1776 673 fecit,

252 710 371 736 unam
412 696 602 736 traditam
633 698 756 741 fama,
798 696 963 736 alteram
1003 698 1193 749 scriptam
1225 695 1453 735 laudatione
1484 694 1577 740 filii,
1619 697 1687 747 qui
1718 697 1778 735 rei

250 771 383 816 gestae
417 766 679 809 interfuisset,
711 766 872 804 tertiam
895 778 1011 817 quam
1045 767 1129 817 ipse
1156 777 1228 816 pro
1261 765 1452 816 inquisita
1484 776 1528 803 ac
1560 762 1637 802 sibi
1669 776 1775 802 com-

250 838 361 884 perta
393 833 615 872 adtulisset.
678 832 824 885 quibus
855 833 994 872 uerbis
1023 833 1157 872 hercle
1181 832 1285 871 haud
1317 833 1460 882 exigua
1491 836 1534 870 ut
1565 831 1646 870 illis
1676 836 1775 870 tem-

250 901 418 952 poribus
449 902 486 940 ei
520 900 714 940 tribuitur
746 901 952 952 diligentia
992 907 1029 940 et
1061 901 1278 945 industria,
1324 905 1367 938 ut
1398 911 1469 952 per
1501 913 1541 939 se
1580 899 1776 939 credibile

250 971 312 1013 sit,
347 969 591 1008 clarissimos
624 970 854 1021 scriptores,
887 971 955 1021 qui
987 975 1102 1009 antea
1134 968 1284 1008 bellum
1306 967 1615 1007 Ilannibalicum
1649 968 1775 1020 scrip-

249 1049 357 1082 sere,
399 1038 435 1075 ei
467 1037 571 1076 haud
609 1039 767 1088 ignotos
804 1039 942 1077 fuisse.
1004 1050 1048 1076 ac
1081 1037 1127 1075 de
1160 1037 1305 1076 Catone
1337 1036 1497 1088 quidem
1535 1036 1575 1075 id
1606 1041 1774 1075 constat.

250 1106 397 1143 etenim
430 1105 535 1156 quod
566 1111 654 1157 post
686 1107 898 1145 uictoriam
921 1105 1166 1145 Cannensem
1189 1104 1391 1144 Maharbal
1422 1103 1638 1143 Hannibali
1669 1103 1776 1143 dedit

250 1173 463 1211 consilium
490 1173 616 1212 Gellio
649 1178 750 1212 teste
781 1186 910 1225 paene
940 1173 989 1212 ad
1022 1173 1190 1212 uerbum
1222 1172 1442 1212 secundum
1465 1172 1653 1211 Catonem
1684 1184 1774 1211 nar-

250 1246 411 1279 rauerat
444 1238 507 1290 (fr.
539 1238 594 1280 25
626 1254 659 1280 c.
693 1241 798 1293 adn.)
816 1240 857 1293 ¹).
920 1242 1039 1280 etiam
1068 1241 1215 1281 Fabius
1248 1239 1310 1291 (fr.
1342 1237 1411 1292 49)
1446 1241 1499 1279 ita
1531 1252 1551 1278 a
1582 1239 1775 1279 Cicerone

249 1321 339 1347 cum
372 1308 506 1347 Coelio
538 1311 805 1354 consociatur,
838 1315 881 1348 ut
913 1311 946 1349 si
978 1322 1057 1348 non
1090 1311 1218 1361 ipsum
1242 1321 1386 1348 nomen
1408 1307 1521 1346 Fabii
1553 1307 1653 1359 apud
1677 1307 1774 1347 Coe-

250 1376 348 1414 lium
386 1382 425 1416 at
462 1389 699 1416 consensum
740 1383 872 1417 tamen
911 1377 1109 1429 quendam
1148 1378 1253 1416 inter
1292 1389 1359 1415 eos
1391 1376 1531 1416 Cicero
1570 1376 1774 1414 inuenisse

251 1444 448 1483 uideatur.
510 1445 628 1496 quid?
690 1446 808 1497 quod,
841 1447 1028 1497 quoniam
1061 1447 1100 1484 in
1133 1457 1177 1484 ea
1208 1444 1301 1483 libr.
1322 1443 1409 1482 XXI
1441 1449 1479 1482 et
1510 1443 1617 1482 XXII
1647 1448 1773 1495 parte,

248 1524 348 1562 quae
380 1525 460 1551 11011
481 1525 597 1551 uersa
630 1519 687 1552 est
720 1526 765 1551 ex
788 1513 966 1564 Polybio,
1000 1513 1115 1552 Liuio
1138 1512 1315 1552 Coelium
1349 1513 1599 1564 potissimum
1633 1511 1773 1550 ducem

248 1580 373 1618 fuisse
413 1580 517 1618 infra
556 1581 805 1626 uidebimus,
847 1582 918 1620 hac
950 1586 1080 1620 autem
1113 1580 1286 1619 Fabiana
1324 1580 1421 1619 belli
1462 1579 1629 1630 gerendi
1671 1581 1773 1619 ratio

249 1649 413 1685 summis
446 1647 631 1686 laudibus
662 1649 765 1687 ultra
798 1650 1009 1688 ueritatem
1042 1648 1289 1693 celebratur,
1323 1648 1646 1687 aduersariorum
1678 1660 1771 1686 con-

249 1714 350 1752 siliis
382 1713 643 1760 obtrectatur,
677 1722 787 1755 certe
820 1718 906 1755 ueri
939 1717 1069 1755 simile
1102 1722 1172 1761 est,
1195 1716 1369 1755 Fabiana
1401 1716 1572 1755 lectione
1604 1728 1694 1754 euni
1726 1715 1774 1754 ad

249 1782 349 1820 hane
383 1781 429 1821 de
453 1782 572 1821 rebus
595 1783 703 1822 illins
735 1786 874 1823 aetatis
896 1785 1083 1823 Romanis
1106 1786 1346 1823 sententiam
1368 1783 1607 1835 perductum
1639 1780 1770 1833 esse.²)

249 1849 489 1888 Primarium
525 1856 653 1889 tamen
678 1852 782 1890 inter
815 1854 900 1891 eius
923 1854 1053 1891 sontes
1086 1852 1214 1891 10011111
1239 1851 1394 1891 obtinet
1428 1853 1548 1891 etiam
1569 1851 1771 1890 Silenus

248 1917 408 1955 Siculus
458 1916 519 1966 [cf.
559 1917 706 1968 Bujack
747 1933 783 1970 p.
816 1917 870 1971 2).
942 1921 976 1958 is
1021 1921 1126 1958 enim
1172 1932 1236 1959 res
1282 1919 1329 1958 ab
1375 1918 1596 1958 Hannibale
1641 1924 1771 1970 gestas

250 1986 398 2023 Graece
438 1987 655 2024 memoriae
694 1987 945 2038 mmliderat,
986 1987 1131 2039 quibus
1171 1989 1255 2038 ipsc
1298 1989 1548 2026 interfuerat.
1611 1999 1700 2025 nam
1732 1991 1770 2025 et

250 2052 361 2090 11111111
401 2059 439 2090 et
471 2053 643 2092 Sosilum
677 2054 1032 2093 Lacedaemonium
1076 2057 1113 2093 in
1146 2055 1383 2094 Hannibalis
1420 2056 1564 2094 castris
1608 2056 1768 2100 uixisse,

247 2119 435 2170 quamdiu
480 2121 637 2159 fortuna
683 2135 795 2172 passa
843 2128 965 2167 esset,
1012 2124 1266 2174 conperimus
1312 2136 1358 2161 ex
1397 2122 1580 2162 Cornelio
1619 2122 1770 2174 Nepote

250 2185 336 2229 (uit.
369 2187 497 2226 llann.
535 2186 598 2233 13,
630 2186 684 2240 3).
747 2195 862 2241 atque
895 2190 1025 2228 Sosilo
1057 2191 1218 2241 quidem
1250 2190 1511 2229 Hannibalem
1544 2190 1767 2229 litterarum

249 2255 487 2293 Graecarum
521 2256 683 2294 doctore
725 2269 836 2295 usum
880 2270 964 2295 esse
1006 2257 1109 2295 idem
1142 2258 1309 2303 adiecit,
1352 2264 1394 2296 ut
1425 2258 1602 2297 Silenum
1634 2270 1767 2297 secum

247 2321 415 2361 haberet
445 2336 488 2361 ea
522 2336 597 2362 una
629 2337 745 2363 causa
778 2325 938 2363 1111101111·
969 2325 1162 2364 adductus
1195 2338 1294 2371 esse,
1328 2325 1432 2377 quod
1463 2338 1527 2364 res
1557 2330 1686 2376 gestas
1717 2325 1766 2365 ab

247 2404 293 2428 011
325 2389 501 2429 describi
536 2390 713 2435 1101011111,
755 2393 931 2430 imitatus
962 2392 1227 2432 Alexandrum
1259 2394 1463 2445 Magnum,
1495 2395 1562 2445 qui
1595 2406 1672 2432 non
1704 2406 1765 2432 so-

340 2581 362 2623 ¹)
389 2581 453 2613 Vis
479 2585 602 2614 tamen
624 2582 817 2614 uerborum
843 2582 1128 2615 Catonianorum
1154 2584 1332 2616 inminuta
1357 2587 1413 2616 est
1439 2594 1461 2615 a
1485 2583 1625 2618 Coelio.

336 2647 363 2689 ²)
390 2649 501 2681 Falso
534 2649 655 2680 Nauta
682 2660 715 2691 p.
744 2650 783 2680 1ss
810 2653 846 2680 et
873 2650 1014 2682 Krause
1047 2661 1080 2692 p.
1111 2653 1174 2682 18ss
1200 2652 1247 2683 M.
1274 2651 1393 2683 Fuluii
1423 2651 1621 2684 Nobilior-is
1647 2651 1764 2685 fastos

246 2704 282 2736 in
310 2705 474 2737 fontibus
500 2716 521 2737 a
541 2705 665 2738 Coelio
693 2705 867 2738 adhibitis
892 2710 1209 2748 enumerauerunt,
1236 2707 1307 2739 nisi
1332 2707 1410 2740 loeo
1437 2707 1591 2750 quodam
1609 2707 1765 2740 Charisii

246 2759 277 2801 (I
303 2771 336 2801 p.
366 2763 428 2792 112
448 2762 487 2795 P.
518 2761 675 2803 13811.).
725 2763 785 2804 qui
813 2772 1027 2804 quamquam
1062 2762 1219 2795 nondum
1250 2768 1402 2796 sanatus
1437 2767 1509 2804 est,
1541 2768 1662 2796 tamen
1694 2763 1762 2795 hoe

246 2820 402 2856 constat,
429 2817 545 2850 Coelii
570 2828 700 2850 nomen
726 2817 825 2850 nulla
851 2818 1072 2851 auctoritate
1099 2830 1120 2850 a
1145 2819 1319 2852 Fabricio
1343 2820 1522 2852 intrusum
1549 2829 1640 2852 esse.
1688 2819 1761 2851 uid.

247 2872 358 2903 Keilii
385 2873 508 2907 adnot.
535 2884 566 2907 a.
593 2874 625 2908 h.
652 2874 674 2906 l.
