1884 3213
657 746 713 802 O.
758 745 1031 803 ACILIVS

198 894 291 932 Tam
323 895 475 933 incerta
514 895 646 932 onmia
687 899 779 932 sunt
817 893 864 932 de
903 894 978 932 1100
1011 894 1050 933 C.
1084 895 1232 939 Acilio,
1274 901 1315 934 111
1355 896 1610 936 fundamenta

86 962 203 1000 huius
235 962 540 1001 conmentarioli
572 963 612 1000 in
651 962 883 1000 coniectura
921 962 1103 1012 ponenda
1135 964 1227 1001 sint.
1291 965 1332 1002 in
1364 964 1470 1003 Liuii
1502 966 1609 1003 enim

85 1029 272 1080 periocha
304 1029 388 1068 LIII
421 1030 460 1068 C.
494 1030 585 1068 Iulii
617 1031 813 1068 senatoris
850 1015 1000 1068 mentio
1040 1031 1103 1075 fit,
1145 1032 1212 1082 qui
1253 1032 1403 1070 Graece
1435 1044 1500 1070 res
1530 1032 1606 1071 Ro-

87 1110 219 1135 manas
250 1099 457 1148 scripserit
490 1095 545 1147 (C.
577 1097 704 1136 Iullus
733 1101 895 1136 senator
927 1099 1081 1137 Graece
1110 1110 1175 1137 res
1205 1099 1411 1138 Romanas
1440 1100 1608 1152 scribit),

88 1164 170 1209 ubi,
203 1177 292 1203 cum
325 1165 371 1203 ‹le
404 1165 444 1204 C.
477 1164 578 1203 Iulio
610 1165 803 1203 historico
836 1165 935 1203 nihil
967 1168 1183 1205 memorIae
1224 1167 1427 1218 proditum
1459 1169 1530 1212 sit,
1570 1174 1608 1206 at

86 1233 126 1270 (22.
159 1233 329 1271 Acilium
361 1238 397 1270 et
430 1234 578 1271 Graece
611 1232 771 1271 annales
803 1234 1061 1284 conposuisse
1093 1239 1130 1273 et
1152 1234 1268 1273 Liuio
1292 1235 1396 1273 haud
1428 1237 1607 1286 ignotum

86 1301 208 1338 fuisse
242 1298 340 1350 (Liu.
374 1299 474 1338 XXV
505 1297 572 1345 39,
607 1298 671 1338 11.
704 1299 841 1337 XXXV
875 1298 938 1352 14)
972 1306 1146 1347 constet,
1190 1302 1271 1341 leni
1304 1304 1523 1341 mutatione
1555 1303 1604 1341 M.

82 1368 199 1406 Hertz
234 1366 294 1417 (de
327 1368 434 1407 Cinc.
468 1381 505 1419 p.
542 1364 605 1419 12)
638 1367 843 1418 praeclare
876 1368 915 1406 C.
948 1369 1067 1407 Acilii
1103 1382 1247 1409 nomen
1280 1371 1470 1409 restituit.
1529 1372 1605 1409 iam

82 1448 178 1487 quas
208 1440 322 1474 antea
344 1436 484 1474 Liuius
515 1447 578 1475 res
611 1441 866 1486 exposuerat:
902 1435 944 1481 Q.
970 1436 1167 1476 Caecilius
1189 1437 1373 1477 Melellus
1390 1440 1607 1487 proconsul

82 1504 296 1542 Celtiberos
325 1505 479 1548 cecidit„
511 1509 549 1542 et
578 1514 603 1541 α
636 1503 679 1549 Q.
712 1504 838 1542 Fabio
862 1505 1105 1552 proconsule
1134 1516 1284 1553 magma
1315 1517 1419 1555 pars
1448 1506 1604 1544 Lusita-

80 1573 171 1610 m‘ae
191 1573 434 1620 easpuqnatis
455 1573 607 1620 aliquot
627 1571 792 1610 urbibus
812 1575 975 1620 recepta
996 1576 1064 1615 est,
1090 1572 1270 1611 incidunt
1293 1585 1360 1611 eae
1388 1574 1427 1611 in
1450 1587 1483 1611 a.
1511 1571 1602 1611 142.

81 1637 175 1684 612,
210 1641 342 1691 itaque
374 1644 542 1691 tempus,
576 1652 652 1690 quo
684 1640 847 1690 scripsit
886 1638 926 1677 C.
960 1639 1123 1684 Acilius,
1157 1640 1327 1691 quodam
1360 1641 1475 1679 modo
1508 1641 1601 1679 deti-

81 1708 209 1745 nitum
241 1713 312 1752 est,
346 1720 472 1759 neque
505 1708 732 1759 qnisquam,
772 1708 1010 1758 praesertim
1052 1720 1142 1746 cum
1182 1708 1253 1747 Gai
1285 1721 1529 1760 praenomen
1564 1710 1603 1747 in

79 1775 300 1814 Aciliorum
322 1775 473 1813 familia
495 1787 573 1813 11011
596 1776 717 1813 suerit
750 1776 790 1812 in
822 1775 992 1819 usitatis,
1026 1775 1142 1813 facile
1175 1775 1337 1826 negabit
1369 1777 1474 1816 hunc
1507 1789 1602 1815 eun-

82 1842 170 1881 dem
200 1855 286 1881 esse
317 1848 433 1894 atque
465 1842 505 1881 C.
528 1842 699 1881 Acilium
731 1847 966 1886 senatorem,
998 1855 1115 1893 quem
1137 1844 1456 1894 quattuordecim
1488 1846 1603 1883 annis

82 1915 194 1949 antea
228 1907 336 1959 (155.
368 1907 464 1962 599)
497 1910 756 1962 philosophos
788 1910 972 1954 Graecos,
1006 1911 1059 1949 ita
1082 1916 1123 1948 ut
1155 1912 1238 1962 ipse
1265 1913 1494 1963 interpretis
1517 1925 1600 1950 mu-

81 1991 175 2016 nere
207 1977 453 2028 sungeretur',
487 1979 528 2016 in
559 1982 737 2016 senatum
771 1978 1038 2016 Introduxisse
1068 1978 1221 2017 Gellius
1244 1978 1304 2028 (VI
1342 1977 1413 2023 14,
1439 1977 1477 2030 9)
1511 1992 1600 2017 nar-

80 2052 152 2083 rat.
215 2046 310 2084 baec
343 2047 449 2084 enim
481 2045 547 2083 ille
580 2044 640 2094 (ex
672 2058 749 2096 quo
780 2058 850 2084 sua
881 2045 1000 2084 habet
1030 2045 1257 2085 Macrobius
1288 2052 1359 2085 sat.
1393 2047 1407 2084 l
1438 2044 1465 2085 5
1496 2047 1598 2098 tin.):

80 2113 211 2152 Erant
240 2114 305 2152 isli
327 2113 557 2162 philosophi
587 2113 816 2151 Carneades
853 2124 905 2151 ex
936 2114 1170 2162 academia,
1209 2115 1405 2163 Dioqenes
1442 2115 1599 2157 stoicus,

82 2181 284 2219 Critolaus
310 2182 621 2230 peripateticus;
660 2185 697 2218 et
735 2182 775 2218 ln
811 2185 992 2219 senatum
1030 2182 1188 2229 quidem
1225 2182 1449 2220 introducti
1477 2183 1598 2219 inter-

77 2252 192 2296 prete
221 2249 285 2286 usi
311 2253 401 2286 sunl
431 2248 472 2286 C.
494 2247 623 2286 Acilio
653 2252 850 2287 senatore.
912 2248 959 2287 de
991 2248 1127 2286 eadem
1160 2260 1202 2286 re
1234 2248 1332 2287 dicit
1363 2248 1599 2287 Plutarchus

80 2314 175 2362 (Cat.
207 2311 296 2365 22):
324 2309 442 2353 Ἐπεὶ
472 2311 520 2353 δὲ
551 2309 826 2366 προῦβαινεν
854 2310 880 2365 ἡ
912 2312 1019 2363 δόξα
1048 2314 1138 2353 τῶν
1168 2311 1434 2366 φιλοσόφων
1465 2312 1515 2353 ἐν
1546 2315 1600 2367 τῇ

78 2378 204 2419 πόλει
234 2377 308 2419 καὶ
338 2377 440 2428 τοὺς
470 2379 674 2433 πρώτους
705 2378 866 2431 λόγους
902 2378 1052 2420 αὐτῶν
1088 2377 1199 2432 πρὸς
1236 2380 1317 2434 τὴν
1347 2379 1599 2433 σύγκλητον

80 2444 195 2499 ἀνὴρ
242 2444 462 2500 ἐπιφανὴς
507 2445 766 2495 σπουδάσας
808 2443 940 2496 αὐτὸς
981 2445 1055 2487 καὶ
1105 2446 1283 2500 δεηθεὶς
1326 2443 1595 2500 ἡρμήνευσε,

81 2512 212 2561 Γάιος
238 2512 438 2564 Ἀκίλιος,
471 2514 584 2566 ἔγνω
618 2514 738 2567 (Cato)
771 2511 865 2567 μετ’
899 2510 1163 2568 εὐπρεπείας
1193 2510 1595 2566 ἀποδιοπομπήσα-

79 2583 187 2621 σθαι
217 2576 320 2630 τούς
349 2579 628 2634 φιλοσόφους
658 2579 854 2631 ἅπαντας
885 2580 934 2623 ἐκ
966 2583 1041 2635 τῆς
1071 2581 1248 2630 πόλεως.

193 2650 289 2689 Cum
322 2663 416 2689 uero
448 2652 717 2690 coniecturam
750 2652 859 2691 illam
888 2652 1007 2690 Hertz
1039 2651 1225 2690 omnibus
1256 2653 1339 2689 fers·
1372 2649 1592 2700 probasset,

81 2719 208 2757 Leuis
240 2715 491 2767 (Umersuch.
538 2718 553 2755 I
592 2731 629 2769 p.
676 2716 730 2757 85
770 2732 808 2758 n.
841 2717 908 2771 80)
950 2720 1003 2757 ita
1035 2719 1290 2769 inpugnauit,
1325 2722 1366 2754 ut
1398 2718 1482 2754 fieri
1515 2729 1594 2755 non

82 2798 197 2836 posse
229 2784 398 2828 diceret,
440 2790 482 2822 111
522 2786 589 2835 qui
620 2798 654 2822 a.
686 2783 781 2824 203.
812 2784 892 2825 551
926 2790 1124 2836 quaestor,
1157 2797 1189 2821 a.
1226 2781 1317 2821 197.
1349 2780 1430 2822 557
1464 2783 1591 2821 tribu-

82 2865 154 2892 nus
185 2852 238 2903 pl.
271 2852 424 2897 suisset,
457 2853 491 2890 is
522 2865 554 2890 a.
592 2849 682 2890 142.
705 2849 787 2891 612
809 2853 970 2892 annales
991 2850 1278 2891 conscriberet.
1321 2851 1386 2889 cui
1408 2851 1591 2902 equidem
