1884 3213
1560 207 1635 247 ΧΓΞῖ

113 322 275 374 studui3
299 323 447 362 contra
462 334 549 361 non
570 321 831 375 ignorabam,
854 334 920 361 1110
938 320 996 361 sic
1015 320 1138 361 facile
1156 320 1199 360 in
1217 320 1372 361 nimiae
1390 320 1635 372 diligentiae

113 390 272 431 crimen
303 389 516 430 incurrere
548 402 682 442 posse.
734 388 805 429 sed
836 388 966 429 malui
997 388 1230 442 legentium
1262 388 1349 428 otio
1373 402 1499 441 (11111111
1521 387 1637 428 011111)-

113 460 180 498 tae
204 459 245 498 et
266 456 501 511 typothetis
522 471 692 511 parcere
723 458 849 510 atquc
880 456 1007 497 etiam
1036 456 1139 496 haec
1169 457 1411 509 fragmenta
1440 455 1637 496 omnibus

114 524 405 578 discrepantiis
428 550 479 553 -
501 524 685 578 exceptis
714 524 782 565 hic
813 524 981 578 quidem
1005 523 1346 577 orthographicis
1368 549 1423 553 -—-
1444 523 1637 564 instruxi.

227 591 390 633 Deinde
422 592 467 632 in
498 591 772 633 adnotatione
805 591 1066 633 conficienda
1096 591 1200 632 haec
1226 590 1491 645 potissimum
1516 591 1639 631 nobis

113 660 333 714 proposita
363 660 556 713 fuerunt,
590 662 636 700 ut
667 662 709 700 et
740 674 810 701 eos
842 660 977 713 locos,
1010 659 1162 714 quibus
1185 659 1330 700 eadem
1352 659 1499 712 uerba,
1533 673 1639 712 quae

114 729 158 769 in
198 729 399 769 contextu
439 727 587 780 habes,
627 730 797 769 auctore
838 727 992 769 01111330
1032 727 1222 768 adhibita
1260 742 1348 768 esse
1381 726 1638 779 uiderentur,

117 795 397 837 exscriberem
428 820 481 824 ——
512 795 678 836 facilius
710 795 823 836 enim
854 796 913 836 sic
943 795 1132 849 ipsorum
1164 797 1355 835 ueterum
1388 795 1641 848 scriptorum

116 878 289 904 manum
321 876 524 918 agnosces
555 888 610 893 ——
642 865 701 917 et,
735 863 769 904 31
801 878 883 917 qua
913 863 1153 918 fragmenta
1188 865 1335 904 tenore
1365 862 1559 917 neglecto
1592 877 1642 901 ex

116 931 359 971 narratione
390 931 537 972 auulsa
575 934 734 984 essent,
775 946 825 972 ex
856 931 949 972 aliis
981 931 1257 985 scriptoribus
1290 930 1494 971 orationis
1525 932 1642 970 teno—

116 1013 203 1039 rem
241 998 457 1052 adderem,
497 998 549 1039 ad
588 1013 712 1052 quem
747 999 822 1040 illa
850 998 1063 1053 pertinere
1095 998 1361 1051 uiderentur,
1401 1013 1484 1051 qua
1515 1012 1644 1051 opera

115 1066 229 1107 haud
259 1080 393 1120 pauca
424 1068 682 1122 fragmenta,
716 1082 822 1121 quae
854 1068 979 1107 antea
1010 1066 1088 1119 eis,
1121 1067 1193 1120 qui
1224 1066 1426 1107 historiae
1459 1065 1642 1118 student,

117 1134 224 1175 nulli
263 1135 355 1177 usui
398 1137 538 1187 erant,
576 1135 778 1176 historiae
815 1134 1062 1175 testimonia
1092 1149 1116 1175 a
1146 1150 1212 1175 me
1244 1134 1357 1175 facta
1388 1148 1476 1174 esse
1507 1148 1642 1187 spero.

118 1202 343 1242 Praeterea
364 1201 569 1243 Ribbecki
580 1236 590 1255 ,
613 1202 822 1255 Vahleni,
848 1202 1031 1256 Iordani
1052 1202 1244 1256 exempla
1275 1204 1442 1243 secutus
1469 1202 1512 1242 111
1534 1201 1643 1242 hanc

117 1269 437 1310 adnotationem
460 1270 587 1311 etiam
610 1285 755 1311 eorum
777 1270 1003 1311 uerborum
1026 1270 1318 1324 singularium,
1341 1271 1516 1323 propter
1537 1284 1643 1322 quae

118 1338 359 1392 fragmenta
378 1337 583 1391 quaedam
600 1338 866 1392 grammatici
890 1338 955 1378 uel
977 1337 1268 1392 lexicographi
1289 1337 1408 1377 libris
1431 1337 1516 1377 suis
1538 1337 1643 1377 inse—

118 1407 307 1458 ruerunt,
330 1405 669 1459 explicationem,
693 1405 829 1459 qualis
850 1406 901 1446 ab
923 1405 1007 1446 illis
1030 1405 1248 1459 proposita
1270 1407 1371 1458 erat,
1391 1419 1642 1458 receperam.

118 1474 266 1527 postea
286 1474 430 1513 tamen
452 1487 547 1514 011111
569 1473 892 1526 intellexissem,
924 1473 1159 1528 legentium
1187 1475 1229 1514 et
1250 1472 1414 1513 animos
1437 1474 1478 1513 et
1500 1472 1644 1513 oculos

117 1543 204 1581 tam
243 1540 373 1581 uariis
413 1541 537 1581 rebus
577 1541 799 1583 distractos
838 1541 965 1582 nimis
1003 1541 1185 1593 turbari,
1225 1540 1489 1594 seposuimus
1529 1540 1644 1580 illam

119 1608 365 1648 lemmatum
405 1608 731 1662 explicationem
777 1609 821 1650 in
865 1609 1047 1650 indicem
1093 1609 1340 1661 uerborum,
1389 1608 1459 1649 ubi
1505 1608 1645 1648 uerbis

120 1675 203 1716 illis
235 1675 543 1730 singularibus,
576 1691 682 1730 quae
714 1677 940 1730 scriptores
972 1675 1209 1730 explicandi
1241 1691 1365 1717 causa
1387 1675 1645 1729 scripserint,

120 1743 326 1784 translata
356 1746 551 1797 reperies.

232 1810 428 1865 Denique
468 1811 600 1852 adieci
632 1811 804 1854 indices.
865 1812 1066 1853 nimirum
1106 1811 1348 1866 paucissimi
1388 1813 1531 1864 erunt,
1575 1811 1646 1864 qui

120 1879 234 1919 hunc
264 1878 419 1919 librum
451 1879 503 1920 ab
534 1879 658 1920 initio
690 1880 933 1934 perlegant,
971 1880 1107 1920 maior
1146 1880 1226 1920 erit
1257 1894 1403 1920 eorum
1433 1893 1646 1931 numerus,

122 1947 193 2000 qui
231 1946 300 1987 hic
332 1947 418 1987 illic
450 1962 545 1996 eum
576 1947 817 2000 inspiciant.
878 1962 1058 2001 quorum
1099 1947 1318 1988 conmodis
1358 1949 1404 1987 ut
1442 1946 1556 1987 omni
1598 1961 1647 1986 ex

120 2016 239 2068 parte
271 2014 542 2068 inseruirem,
574 2015 761 2068 quinque
793 2015 958 2056 confeci
988 2014 1452 2068 (111111111111011111113311110
1475 2013 1645 2054 indices.

122 2082 258 2135 primo
282 2096 331 2122 ex
362 2082 599 2122 litterarum
631 2082 777 2123 ordine
809 2083 1053 2123 enumeraui
1087 2098 1156 2123 eos
1189 2082 1433 2136 scriptores,
1467 2096 1647 2135 quorum

123 2149 341 2202 relliquiae
381 2149 462 2190 hoc
502 2150 720 2190 uolumine
758 2150 1052 2203 continentur,
1101 2152 1191 2190 tum
1238 2150 1282 2190 in
1321 2164 1442 2189 usum
1482 2149 1648 2189 histori-

124 2231 268 2257 corum
300 2216 567 2270 potissimum
588 2217 776 2258 tabulam
798 2232 938 2258 rerum
961 2217 1270 2271 Romanarum,
1304 2232 1409 2270 (111110
1441 2216 1507 2257 1113
1538 2218 1649 2270 frag-

123 2284 277 2324 mentis
299 2284 527 2325 memoriae
549 2284 727 2325 traditae
751 2288 869 2338 sunt,
903 2300 951 2325 ex
984 2288 1223 2338 temporum
1246 2285 1392 2324 ordine
1414 2284 1647 2337 positarum

123 2351 276 2392 addidi.
338 2352 528 2405 sequitur
566 2352 796 2393 omnium
836 2367 982 2394 eorum
1014 2353 1242 2393 uerborum
1273 2351 1418 2405 index,
1461 2366 1566 2405 quae
1605 2351 1648 2390 in

123 2419 375 2474 fragmentis
407 2419 458 2459 ad
490 2419 666 2459 uerbum
698 2420 874 2460 seruatis
906 2422 1092 2474 exstant,
1133 2422 1174 2461 et
1204 2420 1427 2461 nominum
1459 2418 1649 2472 proprio-

126 2501 218 2527 rum
255 2500 478 2539 rerumque
519 2487 858 2528 memorabilium
896 2488 1044 2528 ceteris
1091 2487 1343 2542 fragmentis
1391 2485 1650 2539 conprehen-

125 2569 276 2595 sarum.
345 2556 606 2607 postremum
651 2556 697 2594 ut
735 2569 844 2595 unus
891 2555 1090 2609 quisque,
1135 2555 1169 2595 si
1212 2554 1324 2608 quod
1362 2555 1650 2607 fragmentum

125 2636 285 2662 nouum
317 2620 538 2662 offendisse
570 2620 649 2661 sibi
681 2621 795 2662 uisus
828 2625 955 2676 esset,
987 2623 1106 2663 nullo
1138 2622 1312 2676 negotio
1344 2620 1497 2661 certior
1518 2620 1650 2671 fieret,

126 2703 227 2729 num
272 2688 376 2728 illud
416 2702 552 2728 meam
592 2689 882 2742 cognitionem
920 2690 1118 2744 fugisset,
1165 2690 1258 2730 dedi
1298 2688 1569 2740 ermspectum
1610 2689 1649 2726 et

127 2770 273 2797 eorum
310 2754 584 2807 scriptorum,
626 2755 778 2809 quibus
818 2757 1036 2810 relliquiae
1068 2773 1090 2796 11
1123 2757 1244 2797 nobis
1276 2756 1468 2808 receptae
1501 2754 1651 2794 deben-

126 2825 215 2874 tur,
263 2824 303 2862 et
343 2835 486 2862 corum
526 2820 736 2875 locorum,
778 2838 883 2876 quos
923 2826 1037 2865 certa·
1075 2822 1255 2877 quadam
1294 2836 1418 2863 causa-
1456 2820 1651 2863 inductus

129 2905 177 2931 ex
211 2904 353 2932 earum
384 2901 560 2930 numero
594 2887 707 2931 eieci.
