1884 3213
620 742 680 796 L.
727 741 1116 798 CORNELIVS
1159 741 1376 798 SVLLA

347 888 389 926 L.
423 889 654 928 Cornelium
695 889 864 933 Sullam,
906 891 1019 927 euius
1058 891 1181 927 uitam
1220 901 1363 940 resque
1402 894 1532 938 gestas
1571 901 1760 929 enarrare

235 969 313 995 uon
347 963 406 994 est
439 959 565 995 nostri
597 957 664 995 sed
697 957 1005 1000 historicorum,
1046 969 1136 995 eum
1168 969 1201 995 a.
1237 955 1301 994 79.
1334 954 1416 994 675
1456 957 1652 995 dictatura
1691 957 1759 995 ab·

231 1024 361 1062 dicata
395 1026 435 1062 in
469 1036 584 1074 agros
606 1024 792 1063 Puteolos
824 1037 864 1062 se
896 1025 1135 1075 recepisset,
1168 1029 1210 1061 ut
1244 1024 1374 1074 (quem
1406 1023 1452 1061 ad
1474 1024 1634 1062 modum
1667 1037 1759 1063 een-

231 1097 314 1129 tum
347 1092 429 1129 sere
453 1094 566 1130 anuis
589 1098 677 1142 post
699 1091 897 1142 Tiberius)
930 1091 1034 1129 liber
1056 1093 1228 1140 negotiis
1250 1090 1424 1141 publicis
1453 1093 1586 1141 quiete
1609 1098 1647 1130 et
1678 1094 1760 1130 otio

231 1161 447 1203 frueretur,
481 1158 538 1197 ihi
569 1165 606 1197 et
628 1159 819 1209 piscando
842 1164 879 1197 et
901 1158 1084 1197 uenando
1115 1170 1261 1208 eorpus
1293 1160 1521 1197 exercuisse
1544 1164 1582 1197 et
1603 1165 1761 1209 praeter

231 1226 375 1264 Bacchi
417 1226 660 1277 Venerisque
703 1227 929 1277 uoluptates
970 1226 1117 1264 litteris
1148 1226 1317 1264 multum
1358 1225 1601 1264 oblectatum
1641 1228 1759 1265 etiam

232 1294 421 1332 historiae
455 1294 690 1333 scribendae
723 1306 885 1345 operam
918 1293 1074 1332 dedisse
1106 1299 1260 1332 constat
1293 1293 1507 1343 (Drumaun
1530 1293 1565 1332 Il
1588 1306 1624 1344 p.
1647 1290 1758 1346 496).

231 1363 270 1399 iu
303 1375 378 1412 qua
412 1374 453 1400 re
486 1368 594 1401 tanto
627 1362 759 1400 studio
792 1367 829 1399 et
860 1367 969 1399 tanta
999 1360 1237 1399 adsiduitate
1261 1366 1443 1399 uersatus
1475 1366 1554 1406 est,
1588 1366 1631 1399 ut
1663 1362 1759 1399 duo—

231 1428 305 1467 bus
337 1429 478 1467 diebus
500 1436 590 1468 ante
622 1434 789 1469 mortem
812 1431 1049 1467 uicesimum
1072 1429 1240 1467 alterum
1274 1428 1421 1466 librum
1444 1428 1491 1467 ad
1521 1429 1638 1466 tinem
1669 1441 1759 1479 per-

232 1497 394 1535 duceret
435 1496 549 1543 (Plut.
583 1497 680 1535 Sull.
711 1495 794 1547 37).
843 1502 977 1535 utrum
1008 1502 1139 1535 tamen
1173 1498 1212 1534 in
1252 1508 1412 1534 secessu
1444 1495 1661 1534 Puteolano
1694 1496 1759 1534 ad-

231 1577 392 1614 gressus
431 1566 482 1602 sit
519 1565 566 1603 ad
599 1565 670 1602 hos
701 1564 827 1603 libros
864 1564 1166 1615 ronponendos,
1206 1576 1304 1614 quos
1342 1564 1583 1601 nouissimos
1624 1563 1759 1602 Sullae

232 1633 355 1670 fuisse
388 1632 603 1670 Suetonius
636 1631 696 1681 (de
728 1644 853 1682 gram.
892 1637 929 1669 et,
961 1631 1062 1670 rhet.
1090 1628 1139 1668 12
1170 1643 1207 1681 p.
1244 1627 1323 1668 110
1353 1630 1429 1681 Rs.)
1463 1632 1657 1669 certiores
1688 1643 1760 1669 nos

232 1702 346 1741 sarit,
382 1701 434 1737 ita
466 1705 505 1736 ut
540 1712 629 1737 eum
663 1711 799 1737 omnes
830 1701 975 1749 uiginti
1008 1699 1106 1736 duos
1139 1697 1263 1736 libros
1295 1710 1374 1736 uuo
1406 1710 1509 1736 anno
1541 1697 1759 1736 ahsoluisse

232 1766 539 1805 existimandum
580 1768 650 1810 sit,
684 1779 731 1804 au
765 1768 862 1809 iam,
904 1779 992 1804 rum
1032 1768 1091 1803 rei
1126 1765 1311 1816 publicae
1344 1770 1566 1815 praeesset,
1599 1767 1758 1804 initium

232 1836 392 1875 feeerit,
437 1840 546 1871 certo
583 1834 741 1884 quidem
783 1834 997 1872 diiudicari
1036 1835 1193 1884 nequit:
1236 1833 1334 1871 illud
1374 1839 1505 1871 tamen
1546 1838 1584 1871 et
1616 1845 1759 1884 perse

232 1904 319 1939 ueri
351 1901 523 1939 similius
546 1907 623 1945 est,
657 1907 690 1939 et
727 1908 900 1939 extrema
927 1901 1049 1939 uerba
1071 1902 1120 1938 fr.
1145 1898 1169 1939 8
1203 1913 1292 1939 eum
1319 1902 1382 1938 uix
1408 1900 1609 1938 dicturum
1636 1901 1758 1939 fuisse

232 1969 420 2012 arbitror,
451 1970 528 2007 nisi
560 1974 642 2007 toto
665 1981 737 2006 suo
769 1981 888 2019 opere·
914 1971 989 2006 iam
1012 1970 1192 2019 perfeeto
1224 1974 1257 2006 et
1293 1981 1335 2006 re
1367 1967 1527 2019 publica
1561 1967 1683 2013 bene,
1717 1974 1757 2006 ul

233 2036 416 2088 putabat,
451 2038 678 2074 constituta.

345 2104 615 2142 Euarrauerat
646 2109 778 2142 autem
811 2103 920 2141 hisce
944 2102 1059 2141 libris
1092 2116 1154 2141 res
1186 2117 1204 2141 a
1239 2117 1278 2142 se
1301 2109 1443 2154 gestas,
1479 2105 1530 2141 ita
1566 2108 1607 2141 ut
1639 2104 1757 2141 etiam

234 2175 271 2210 iu
319 2172 495 2210 seeundo
541 2171 646 2209 libro
692 2171 739 2209 (le
783 2170 932 2209 familia
978 2183 1047 2209 sua
1093 2173 1355 2221 praesaretur.
1424 2183 1514 2209 nam
1556 2172 1595 2209 iu
1635 2172 1682 2209 fr.
1718 2168 1756 2214 2,

232 2239 336 2289 quod
369 2252 412 2277 ex
449 2239 574 2277 altero
606 2238 710 2276 libro
743 2238 975 2288 decerptum
1008 2251 1092 2276 esse
1125 2238 1272 2277 addidit
1307 2238 1478 2282 Gellius,
1521 2239 1568 2276 de
1603 2250 1679 2276 uuo
1711 2250 1758 2277 ex

232 2309 318 2345 eius
357 2306 576 2344 maioribus
615 2318 745 2343 sermo
785 2312 864 2349 est,
912 2306 979 2355 qui
1021 2317 1122 2343 anno
1160 2302 1255 2343 212.
1296 2303 1379 2344 542
1417 2311 1577 2356 praetor
1615 2305 1756 2344 suerat.

234 2374 338 2412 libro
371 2374 524 2412 deeimo
559 2372 620 2415 (fr.
648 2371 711 2423 16)
745 2385 980 2423 progressus
1004 2378 1087 2410 erat
1111 2386 1233 2423 usque
1266 2373 1311 2410 ad
1335 2386 1401 2411 eas
1432 2384 1509 2417 res,
1539 2384 1637 2423 quae
1669 2377 1758 2423 post

234 2454 406 2493 pugnam
440 2441 756 2479 Cluneronensem
797 2446 929 2489 gestae
969 2447 1060 2479 sunt
1100 2441 1146 2488 (a.
1180 2438 1245 2479 86.
1279 2437 1429 2491 668).¹)
1493 2439 1634 2478 deinde
1667 2452 1757 2478 eum

234 2511 285 2547 ita
326 2515 368 2547 ut
407 2508 584 2558 singulos
627 2520 750 2545 annos
793 2507 961 2557 singulis
1009 2507 1123 2545 libris
1162 2508 1503 2559 conplecteretur,
1547 2506 1755 2545 duodecin]

235 2577 359 2614 libros
391 2577 585 2615 adiecisse
618 2581 655 2613 et
688 2575 734 2613 de
767 2586 897 2625 pugna
930 2575 974 2612 ad
1007 2575 1285 2625 Sacriportum
1325 2576 1521 2613 conmissa
1560 2579 1676 2625 atque
1716 2575 1756 2612 in

235 2643 337 2681 libro
368 2644 474 2682 XXII
517 2642 686 2694 quodam
725 2642 840 2680 modo
882 2638 1064 2691 τρόπον
1103 2640 1217 2693 τινὰ)
1259 2642 1306 2680 de
1345 2646 1471 2680 morte
1510 2653 1599 2685 sua,
1639 2653 1756 2691 quam

326 2776 350 2819 ¹)
379 2778 479 2817 Quae
496 2777 644 2809 Heeren
670 2776 713 2808 de
742 2776 828 2807 font.
855 2774 949 2809 Plut.
975 2786 1009 2817 p.
1031 2777 1089 2807 151
1117 2775 1266 2817 scripsit
1285 2775 1421 2807 Sullam
1449 2774 1651 2816 profectum
1678 2784 1756 2806 esse

236 2844 254 2863 a
287 2833 384 2864 bello
418 2834 545 2864 sot-ian
586 2833 694 2874 idque
734 2832 866 2865 leuiter
897 2835 1035 2863 tantum
1070 2831 1344 2873 perstrinxisse,
1383 2832 1478 2862 omni
1518 2829 1755 2862 fundamento

235 2895 368 2919 curent,
