1884 3213
633 164 679 197 M.
705 162 910 196 PORCIVS
938 163 1063 195 CATO
1540 173 1613 202 CLI

95 279 308 330 oppidatim
341 278 527 316 Catonem
561 279 700 315 statuis
732 277 951 315 ornandum
984 290 1068 315 esse
1101 277 1306 321 exclamat,
1347 279 1412 328 qui
1446 279 1612 328 primam

94 346 225 385 Latini
257 347 431 384 nominis
471 344 653 384 subolem
695 351 731 383 et
771 345 998 383 italicarum
1036 333 1236 393 originum
1277 347 1469 395 pueritias
1512 345 1612 384 inlu-

94 415 293 457 strauerit,
327 413 390 451 hic
425 409 475 463 (2,
508 410 534 449 2
567 426 602 463 p.
635 409 689 450 33
720 412 799 452 MA,
832 412 936 463 quod
969 414 1052 463 ipse
1085 414 1224 462 paucis
1264 412 1399 451 ltaliae
1432 418 1612 451 naturam

94 486 274 532 exponat,
308 482 359 519 ita
392 486 572 520 excusat,
607 480 709 530 quod
743 480 877 518 ‘Italia
917 485 1021 517 tanta
1062 492 1156 517 cura
1197 479 1245 517 ab
1284 480 1470 518 ‹unnibus
1509 481 1612 519 dicta

94 550 155 593 sit,
188 549 403 600 praecipue
435 548 484 586 M.
518 548 677 591 Catone,
712 552 752 584 ut
785 547 861 585 iam
895 547 1070 585 inueniri
1104 559 1181 585 non
1214 548 1358 597 possit,
1399 549 1503 598 quod
1536 562 1614 587 non

93 622 274 655 ueterum
295 621 500 654 auctorum
528 616 776 666 praeceperit
796 614 1002 665 diligentia
1018 615 1042 650 ⁹.
1105 613 1238 665 Neque
1264 626 1334 652 nos
1351 614 1490 653 Catoni
1513 616 1613 655 hanc

93 684 248 722 laudem
272 683 538 725 detrahemus,
570 695 659 720 euin
690 683 862 733 primum
892 687 1118 720 ceterarum
1141 682 1350 719 ciuitatmn
1372 682 1612 727 Italicarum,

94 758 134 790 ut
164 763 284 802 opera
316 750 429 789 ciuili
460 763 524 788 eas
554 749 741 788 tuebatur
770 751 1116 800 patrociniumque
1139 761 1275 787 earum
1299 756 1540 801 susceperat,
1574 753 1613 789 in

91 820 360 858 Romanorum
392 819 573 856 notitiam
606 818 818 868 pertulisse
851 822 901 858 ct,
935 822 1125 868 quantum
1158 822 1242 855 tum
1274 830 1373 868 opus
1394 830 1480 856 esse
1502 819 1612 857 uide—

93 886 220 930 batur,
255 888 360 937 ipsos
392 887 522 924 fontes
553 885 710 923 adiisse.
772 897 1008 936 quamquam
1040 884 1144 923 haud
1175 897 1265 923 raro
1287 897 1377 923 etun
1409 898 1509 924 uana
1542 899 1614 937 pro

93 955 198 993 ueris
231 953 457 992 uendidisse
490 966 580 991 cmn
613 953 702 991 aliis
734 952 854 991 rebus
886 952 1194 996 demonstratur,
1230 960 1326 997 tum,
1361 958 1403 991 ut
1435 954 1612 1005 exempla

91 1022 277 1063 adferam,
312 1021 433 1061 hisce.
467 1021 570 1072 quod
605 1022 645 1059 in
677 1020 860 1059 Sauracti
892 1026 931 1059 et
962 1020 1131 1059 Fiscello
1162 1032 1303 1071 capras
1334 1021 1439 1059 feras
1471 1034 1490 1060 e
1522 1034 1614 1060 saxo

91 1089 210 1139 pedes
242 1089 330 1139 plus
363 1100 578 1138 sexagenos
610 1088 762 1126 saliisse
796 1089 976 1126 narrauit
1009 1087 1071 1137 (fr.
1094 1084 1161 1139 52)
1194 1094 1232 1126 et
1263 1089 1304 1126 in
1336 1088 1524 1140 Hispania
1557 1091 1612 1128 ci-

91 1157 237 1194 teriore
270 1162 443 1194 montem
476 1168 519 1193 ex
553 1155 633 1194 sale
666 1167 774 1193 mero
806 1168 993 1206 magnum
1025 1168 1110 1193 esse
1143 1157 1205 1205 (fr.
1230 1153 1311 1207 91).
1361 1156 1611 1195 admirando-

90 1236 178 1261 rum
210 1224 315 1262 enim
348 1224 481 1262 51111110,
510 1223 701 1274 pellectus
734 1223 795 1261 1111·
831 1224 870 1260 111
903 1235 1060 1261 errores
1092 1223 1246 1261 incidit.

202 1290 334 1329 Nihilo
379 1292 510 1329 minus
565 1291 683 1329 huius
733 1292 858 1341 ipsius
906 1290 1126 1329 industriae
1173 1296 1211 1328 et
1256 1290 1463 1340 religionis
1510 1293 1611 1331 sama

91 1371 270 1409 magnam
310 1360 396 1397 eius
435 1358 662 1408 originibus
701 1359 978 1396 auctoritatem
1019 1358 1253 1396 ctulciliasse
1289 1357 1461 1399 uidetur.
1496 1364 1611 1410 atque

89 1439 205 1478 quem
238 1426 285 1465 ad
316 1426 475 1464 modum
507 1426 609 1463 dicta
643 1426 857 1464 Catoniana
891 1426 1145 1463 oraculorum
1168 1427 1250 1464 111111
1274 1425 1523 1470 obtinebant,
1558 1429 1611 1465 ita

90 1496 208 1533 etiam
240 1495 308 1545 qui
340 1493 388 1532 ab
421 1507 466 1532 eo
508 1498 745 1544 conputatus
785 1499 869 1532 erat
908 1505 1035 1531 annus
1077 1492 1188 1531 urbis
1227 1493 1389 1536 natalis,
1432 1495 1609 1532 omnium

89 1574 285 1601 consensu
316 1561 507 1613 probatus
539 1566 616 1605 est,
666 1566 703 1598 ut
746 1573 868 1611 usque
908 1561 953 1599 ad
986 1560 1203 1599 Varronem
1243 1573 1380 1599 omnes
1419 1573 1509 1600 eum
1550 1575 1609 1601 se-

88 1634 307 1681 querentur
337 1635 453 1679 atque
486 1630 603 1667 etiam
635 1633 717 1666 tum
750 1640 828 1667 non
861 1628 1043 1667 deessent
1075 1630 1142 1679 qui
1175 1628 1434 1667 Catonianum
1467 1629 1609 1667 Varro-

89 1699 208 1736 niano
239 1698 504 1748 praeferrent.
565 1697 612 1734 At
645 1697 702 1734 eis
724 1698 791 1747 qui
822 1701 912 1747 post
932 1696 1037 1735 hunc
1060 1708 1123 1735 res
1145 1696 1340 1735 Romanas
1363 1696 1607 1738 scribebant.

88 1766 219 1803 minus
251 1764 488 1802 conmodnm
521 1765 606 1802 eius
639 1763 851 1801 consilium
891 1764 1033 1808 fuisse,
1075 1777 1203 1815 neque
1236 1765 1444 1815 quisquam
1477 1766 1515 1802 111
1550 1765 1607 1803 111-

88 1833 209 1871 storia
241 1833 327 1869 eius
359 1833 527 1881 uestigia
568 1831 710 1879 legisse
751 1831 924 1869 uidetur.
994 1832 1184 1869 nimirum
1231 1832 1296 1869 hic
1344 1837 1428 1870 erat
1474 1844 1607 1870 rerum

88 1900 353 1938 Romanarum
386 1898 654 1949 scriptoribus
686 1911 783 1942 mos,
818 1904 859 1937 ut
890 1911 1013 1936 unum
1047 1899 1219 1950 aliquem
1258 1911 1304 1937 ex
1344 1900 1401 1937 eis
1439 1901 1506 1950 qui
1540 1913 1606 1937 an-

89 1973 151 2006 tea
182 1968 426 2018 scripserant
459 1967 629 2005 electum
662 1967 746 2005 fere
778 1971 904 2004 totum
936 1967 1169 2017 plerumque
1203 1968 1320 2005 etiam
1355 1966 1492 2005 uerbis
1524 1980 1605 2005 ser-

88 2036 190 2073 uatis
221 2036 261 2072 in
292 2033 440 2073 librum
472 2047 598 2072 suum
619 2035 882 2072 transferrent
914 2040 952 2072 et
983 2034 1029 2071 ad
1053 2046 1164 2071 suain
1197 2039 1364 2072 aetatem
1397 2036 1605 2073 continua-

89 2108 188 2141 rent.
249 2103 314 2141 cui
345 2103 447 2140 mori
478 2103 641 2140 minime
673 2101 1182 2151 ‹1111111011ielm11torigines.
1245 2114 1372 2153 neque
1396 2103 1502 2140 enim
1536 2114 1605 2140 no-

89 2171 227 2208 minati
259 2175 371 2208 erant
403 2169 598 2207 bellorum
630 2169 761 2211 duces,
796 2170 863 2219 qui
896 2169 1019 2207 multo
1053 2181 1142 2207 cum
1175 2168 1311 2207 labore
1335 2182 1381 2208 ex
1413 2169 1503 2207 aliis
1536 2181 1604 2207 an-

89 2236 246 2275 nalibus
277 2236 539 2287 conquirendi
571 2241 696 2274 erant.
748 2237 867 2273 nimis
891 2241 1005 2274 aucta
1028 2242 1137 2274 erant
1163 2236 1321 2274 Catonis
1355 2238 1392 2274 111
1419 2249 1499 2274 rem
1534 2249 1604 2287 pu-

89 2304 232 2341 blicam
264 2305 426 2347 merita,
468 2316 567 2354 quae
599 2304 644 2342 ad
677 2303 835 2341 modum
875 2303 1070 2354 quendam
1108 2304 1332 2342 reurmanda
1364 2309 1491 2347 erant,
1524 2316 1603 2341 ma-

90 2372 227 2421 iorque
273 2372 374 2408 ratio
423 2370 556 2408 habita
603 2376 826 2409 ceterarum
870 2372 1078 2409 ciuitatum
1124 2371 1365 2410 Italicarum.
1435 2371 1604 2421 denique

88 2437 333 2488 capitulatim
367 2449 430 2475 res
461 2438 590 2476 dictae
623 2443 747 2477 erant.
782 2443 822 2475 ut
855 2437 1015 2476 aliunde
1048 2443 1162 2476 tenor
1195 2443 1230 2476 et
1264 2439 1482 2489 aequalitas
1514 2450 1602 2474 nar-

88 2505 253 2542 rationis
284 2504 501 2555 supplenda
533 2510 648 2542 esset.
709 2506 840 2555 itaque
873 2506 1003 2554 magni
1026 2505 1183 2555 quidem
1207 2518 1363 2556 semper
1385 2504 1604 2542 ducebatur

88 2573 247 2609 Catonis
278 2573 492 2609 auctoritas
524 2572 591 2610 sed
623 2577 665 2609 ut,
695 2584 788 2622 prae
828 2573 973 2610 ceteris
1005 2572 1227 2623 exemplum
1268 2578 1305 2610 et
1337 2574 1423 2610 t'ons
1456 2573 1601 2621 prima·

90 2640 172 2676 rius
202 2644 317 2681 esset,
349 2639 468 2676 nimis
498 2639 707 2677 molestum
738 2640 868 2676 uisum
901 2645 971 2677 est.

201 2704 264 2742 Sic
297 2705 445 2742 factum
478 2711 554 2748 est,
594 2711 656 2749 ut,
695 2718 931 2756 quamquam
964 2705 1245 2744 lectitabantur
1278 2706 1452 2751 origines
1485 2709 1601 2755 atque

90 2772 164 2809 huc
198 2771 291 2808 illuc
323 2771 513 2820 quaedam
545 2772 712 2809 l'rustula
744 2785 788 2810 ex
822 2774 879 2811 eis
912 2772 1243 2822 decerpebantur‚
1276 2772 1343 2821 qui
1376 2776 1509 2821 postea
1533 2784 1599 2809 an-

90 2838 197 2876 nales
228 2837 455 2882 condidere,
489 2836 536 2874 ad
567 2837 679 2876 Fabii
711 2839 869 2877 annales
901 2839 1032 2877 redire
1065 2844 1102 2876 et,
1134 2838 1203 2876 hos
1234 2849 1307 2889 pro
1344 2837 1599 2877 fundamento
