1884 3213
56 919 86 944 10

61 1255 93 1280 15

611 182 651 213 L.
681 180 845 214 COELII
872 181 1130 213 AN'ripA'rnI
1557 180 1635 220 155

116 299 193 339 tot,
236 300 383 339 tantas,
425 299 502 333 tam
535 296 745 333 continuas
777 296 966 334 uictorias
999 300 1077 333 tam
1119 294 1233 333 breui
1273 296 1399 346 spatio
1432 295 1540 334 datas
1572 308 1632 334 ar-

117 362 245 401 bitror
279 374 395 413 quam
431 362 558 401 uobis.

227 426 337 469 273.
371 431 525 469 Charis.
558 430 575 468 Ι
599 442 641 478 l).
664 427 719 468 40
743 431 782 471 P.
815 428 870 469 54
893 432 942 470 K.
977 430 1173 469 Nueerum
1200 431 1306 468 enim
1332 430 1490 469 Coelius
1521 430 1632 469 dixit.
1660 457 1722 488 2¹1

225 493 459 536 28212Liu.
493 497 648 535 XXVI
678 496 747 542 11,
780 495 805 536 8
843 498 937 536 Inde
977 497 1021 548 [a
1056 497 1175 536 Tutia
1202 497 1385 549 flumine]
1420 498 1467 537 ad
1501 498 1633 536 lucum
1659 502 1725 546 5'43'

114 565 305 603 Feroniae
346 566 475 616 pergit
520 566 597 609 ire,
646 565 838 616 templum
878 578 922 604 ea
938 561 1195 616 ffempestate
1238 565 1433 604 inclutum
1466 566 1632 604 diuitiis.

114 632 330 683 Capenates
362 632 529 684 aliique,
569 633 636 683 qui
669 633 827 671 accolae
861 634 946 671 eius
985 638 1116 677 erant,
1157 634 1356 684 primitias
1396 634 1555 683 frugum
1588 645 1634 671 eo

114 699 295 750 donaque
328 699 404 739 alia
438 712 509 751 pro
542 701 654 751 copia
687 704 893 750 portantes
930 700 1055 739 multo
1088 713 1184 739 auro
1218 705 1462 752 argentoque
1496 701 1534 739 id
1567 713 1632 739 ex-

113 773 298 806 ornatum
331 766 545 806 habebant.
608 768 658 805 iis
690 767 878 806 omnibus
917 767 1032 806 donis
1066 773 1147 806 tum
1181 768 1394 818 spoliatum
1426 768 1631 818 templum.

113 836 217 873 aeris
249 837 393 880 acervi,
427 847 516 874 cum
550 834 694 873 rudera
726 835 874 874 milites
906 835 1103 885 religione
1137 835 1289 873 inducti
1323 836 1512 880 iacerent,
1546 841 1634 886 post

111 904 402 953 profectionem
435 902 670 941 Hannibalis
709 904 841 953 magni
885 904 1048 941 inventi.
1112 903 1228 941 huius
1260 903 1464 953 populatio
1497 903 1634 953 templi

112 969 215 1008 haud
260 970 379 1009 dubia
423 972 527 1009 inter
573 972 790 1021 scriptores
829 976 944 1030 est3m
970 970 1129 1009 Coelius
1167 971 1331 1009 Romam
1378 975 1537 1009 euntem
1584 970 1632 1009 ab

111 1037 230 1075 Ereto
271 1038 486 1077 devortisse
526 1051 571 1077 eo
612 1038 876 1077 Hannibalem
915 1038 1055 1083 tradit,
1104 1039 1259 1088 iterque
1300 1039 1385 1076 eius
1424 1038 1472 1076 ab
1512 1038 1633 1076 Reate

112 1104 351 1156 Cutiliisque
384 1111 422 1145 et
464 1106 512 1145 ab
544 1106 749 1145 Amiterno
782 1106 957 1144 orditur:
1009 1118 1054 1144 ex
1087 1106 1302 1156 Campania
1341 1106 1380 1143 in
1413 1105 1630 1148 Samnium,
1671 1143 1675 1144 a
1704 1146 1708 1147 ⁷

113 1172 204 1211 inde
237 1173 277 1211 in
308 1173 518 1224 Paelignos
548 1175 796 1225 peruenisse,
829 1179 1068 1224 praeterque
1100 1173 1291 1224 oppidum
1323 1172 1554 1211 Sulmonem
1592 1175 1631 1211 in

112 1239 359 1284 Marrucinos
391 1242 604 1286 transisse,
647 1241 738 1280 inde
770 1240 933 1279 Albensi
972 1253 1068 1291 agro
1108 1242 1147 1279 in
1180 1240 1348 1285 Marsos,
1393 1241 1486 1279 hine
1524 1241 1631 1279 Ami-

114 1312 271 1347 ternum
303 1308 547 1360 Forulosque
582 1310 716 1348 uicum
749 1310 921 1347 uenisse.

654 1452 739 1494 EX
777 1451 980 1494 LIBRO
1020 1452 1097 1493 III

223 1552 333 1595 29³³.
366 1557 451 1595 [λυ.
475 1557 652 1596 XXVII
678 1554 746 1601 27,
782 1555 829 1594 11
862 1556 967 1594 Mors
998 1555 1177 1594 Marcelli
1209 1568 1298 1594 eum
1331 1556 1479 1607 alioqui
1514 1558 1630 1594 mise-

114 1623 251 1661 rabilis
283 1625 370 1669 fuit,
404 1629 487 1662 tum
519 1624 623 1675 quod
645 1636 718 1662 nec
749 1636 822 1675 pro
855 1629 980 1662 aetate
1014 1622 1157 1673 (maior
1189 1624 1265 1661 iam
1289 1625 1396 1662 enim
1429 1625 1631 1674 sexaginta

1658 1531 1723 1560 “208

1658 1588 1723 1618 546

112 1791 191 1812 eum
220 1798 253 1802 —
292 1791 370 1812 cum
404 1791 466 1813 sex
499 1781 754 1813 consularibus
789 1781 1011 1813 exercitibus
1045 1781 1124 1812 acie
1159 1781 1378 1812 conflixisse.
1408 1800 1447 1803 -
1482 1792 1544 1823 pro
1576 1781 1633 1813 his

111 1826 223 1857 tantis
248 1829 373 1868 totque
399 1826 565 1858 uictoriis
590 1836 715 1858 uerum
742 1837 820 1858 esse
848 1830 972 1867 grates
999 1826 1078 1857 deis
1110 1826 1375 1858 immortalibus
1402 1826 1462 1868 agi
1489 1826 1632 1858 haberi-

112 1881 192 1911 que.
245 1872 320 1902 Lite.
344 1871 484 1902 XXIII
509 1872 561 1909 11,
586 1873 620 1906 8.

200 1913 261 1949 27.
301 1917 341 1947 Α.
377 1917 453 1947 216.
486 1918 551 1947 556
589 1928 658 1947 eum
690 1916 832 1948 Casilini
866 1917 906 1948 al)
947 1917 1138 1948 Hannibale
1176 1917 1349 1948 obsidione
1385 1921 1631 1957 premerentur,

114 1962 285 1992 Gracchus*
315 1962 474 1993 adsidens
509 1962 654 1993 Casilino
691 1963 737 1993 ad
763 1962 883 2001 famem
909 1963 1082 1993 leuandam
1113 1965 1219 2002 primo
1254 1963 1345 1992 dolia
1374 1963 1545 2002 frzmzenta
1576 1963 1632 1993 ἰηι-

111 2009 203 2046 μΙεία
223 2007 387 2037 Volturno
413 2018 506 2038 amne
531 2009 563 2038 z'n
588 2007 701 2038 urbem
726 2008 869 2039 demisit.
915 2017 999 2049 qnae
1024 2017 1093 2038 eam
1118 2018 1138 2038 a
1164 2007 1288 2039 Poenis
1313 2012 1497 2048 conspecta
1522 2012 1633 2038 essent

113 2051 305 2082 intentiore
333 2051 498 2083 custodia
524 2055 683 2090 cautum,
712 2063 756 2083 ne
785 2052 867 2093 quid
895 2052 1042 2083 falleret
1058 2052 1231 2083 Volturno
1252 2052 1296 2082 ad
1323 2052 1446 2083 urbem
1473 2052 1631 2085 missum.

112 2106 248 2128 nuces
274 2100 396 2127 tamen
422 2097 526 2128 fusae
555 2098 599 2129 ab
627 2098 800 2128 Romanis
827 2098 959 2128 cast-ris
986 2107 1065 2128 cum
1098 2097 1215 2128 medio
1243 2097 1339 2128 amni
1366 2097 1409 2127 ad
1430 2096 1630 2128 Casilinum

113 2141 325 2180 defluerent⁷
354 2142 515 2173 cratibus
541 2143 831 2183 excipiebantur.
856 2143 933 2174 Lz'n.
961 2142 1099 2173 XXIII
1127 2144 1178 2181 19,
1210 2143 1259 2175 11.
1303 2142 1418 2173 Nazala
1442 2153 1476 2182 p.
1493 2143 1546 2174 35.
1586 2143 1631 2181 ef.

116 2187 202 2217 fest.
229 2197 261 2225 ρ.
292 2188 364 2218 173.
540 2212 541 2215 ,

201 2227 264 2263 28.
293 2231 404 2262 Antea
425 2232 539 2262 Liuius
557 2232 730 2273 Polybium
754 2237 887 2263 secatus
913 2233 1005 2263 alind
1024 2231 1226 2263 Hannibalis
1251 2232 1315 2262 z'tez·
1340 2234 1528 2265 rettulerat,
1562 2242 1630 2262 eum

114 2276 225 2308 Coelio
251 2277 283 2307 in
308 2277 369 2307 Ιιιι(1
394 2288 431 2307 re
458 2287 549 2308 nemo
574 2278 775 2318 scriptorum
801 2279 857 2319 qui
880 2282 1025 2309 aetatem
1049 2278 1198 2315 tulerint,
1224 2278 1389 2317 eonyrzzN.

227 2416 262 2448 1.
295 2413 332 2448 2.
365 2413 518 2449 arbitros
550 2415 721 2450 Karolir.
749 2426 812 2460 pr.
844 2426 890 2450 m.
922 2426 1022 2451 corr.
1055 2426 1081 2450 s.
1115 2427 1160 2450 m.

226 2464 308 2517 28,
341 2470 377 2505 5.
419 2475 453 2505 et
485 2470 654 2517 templum
696 2471 962 2506 Weissenborn
993 2473 1112 2507 coni..-
1142 2472 1205 2508 ire.
1240 2470 1425 2517 Templum
1455 2490 1511 2494 —-
1542 2470 1630 2505 diui-

115 2526 184 2571 uis,
216 2525 424 2573 Capenates,
457 2527 517 2573 qui
547 2525 688 2562 adcolae
720 2527 795 2562 eius
827 2532 937 2572 erant,
971 2528 1141 2575 primitias
1174 2527 1324 2562 Clmcer.
1497 2531 1629 2573 tempe-

113 2586 225 2616 statae
256 2581 429 2617 inclutum
462 2583 546 2618 Pul„
579 2595 622 2617 m.
657 2582 680 2618 3
712 2594 741 2618 s.
773 2594 794 2617 u
826 2594 903 2619 scr.
938 2595 958 2630 y
1111 2584 1144 2619 6.
1178 2583 1294 2629 alique
1326 2593 1375 2616 ae.
1410 2583 1494 2617 Pul.
1556 2582 1629 2617 alii-

115 2648 183 2684 que
214 2638 273 2684 qui
312 2649 382 2673 aec.
416 2640 475 2674 uel
507 2637 703 2685 Faliscique
742 2639 878 2675 accolae
912 2640 1074 2675 Gronou.
1251 2639 1286 2674 7.
1327 2637 1510 2685 donaquae
1540 2639 1627 2674 Pul.

226 2694 260 2728 9.
293 2693 468 2741 religione
500 2695 620 2729 intacti
663 2695 796 2731 Walclz
936 2696 997 2730 11.
1028 2695 1221 2731 scribtores
1254 2695 1338 2730 Pac.
1484 2699 1626 2729 euntem

114 2760 152 2783 ae
182 2748 273 2784 freto
296 2749 494 2785 deuertisse
516 2751 600 2785 Put.
626 2762 727 2786 corr.
754 2751 966 2788 Sabellicus
1111 2751 1173 2785 12.
1201 2751 1262 2785 13.
1295 2750 1618 2800 reateeupiliisque·

116 2804 171 2840 tal)
202 2806 287 2840 Ριιί.
322 2817 424 2841 corr.
460 2806 678 2842 Glareanus
853 2807 914 2843 14.
950 2812 1143 2855 preterque
1174 2807 1260 2842 Pac.

227 2856 301 2910 ⁴29,
336 2862 397 2899 18.
431 2867 515 2897 tunc
545 2862 632 2900 Put.
