1884 3213
512 173 558 203 M.
587 170 750 204 PORCII
778 170 979 204 CATONIS
1007 171 1238 204 ORIGINES
1579 170 1636 210 65

230 281 379 323 50³=⁴-.
421 285 583 335 Dionys.
621 286 666 322 ῘῙ
688 282 743 323 49
782 281 944 323 Κάτων
982 282 1030 323 δὲ
1061 281 1260 335 Πόρκιος
1296 280 1345 322 τὸ
1383 281 1465 336 μὲν
1495 277 1637 335 ὄνομα

115 350 176 404 τῷ
215 350 427 402 Σαβίνων
467 351 592 390 ἔθνει
630 351 819 403 τεθῆναί
852 360 991 403 φησιν
1033 348 1106 390 ἐπὶ
1138 348 1295 402 Σάβου
1333 351 1415 390 τοῦ
1453 348 1637 402 Σάγκου

115 417 327 470 δαίμονος
358 415 623 470 ἐπιχωρίου,
661 419 823 458 τοῦτον
854 417 902 458 δὲ
934 415 1011 458 τὸν
1044 416 1226 470 Σάγκον
1265 414 1354 457 ὑπό
1395 432 1532 458 τινων
1562 418 1637 458 πί-

116 495 241 524 στιον
272 485 509 525 καλεῖσθαι
540 486 644 525 Δία.
707 484 889 538 πρωτην
919 482 963 524 δ’
996 483 1147 525 αὐτῶν
1186 487 1364 538 οἴκησιν
1394 482 1636 538 ἀποφαίνει

83 552 327 603 εγενέσθαι
357 550 511 605 κώμην
542 549 641 593 τινά
672 552 954 606 καλουμένην
982 554 1268 604 Τεστροῦναν
1298 550 1437 605 ἀγχοῦ
1468 551 1638 601 πόλεως

110 616 362 673 Ἀμιτέρνης
406 621 638 674 κειμένην,
682 619 726 668 ἐξ
764 613 816 672 ἧς
853 616 1130 673 ὁρμηθέντας
1167 619 1266 660 τότε
1309 620 1537 673 Σαβίνους
1574 619 1638 666 εἰς

112 683 194 739 τὴν
227 684 451 740 Ῥεατίνην
491 686 703 741 ἐμβαλεῖν
738 684 1028 740 Ἀβοριγίνων
1066 684 1154 740 ἅμα
1196 687 1532 728 κατοικούντων
1562 686 1636 728 καὶ

113 753 244 795 πόλιν
275 751 425 795 αὐτῶν
455 752 537 808 τὴν
569 753 928 808 ἐπιφανεστάτην
956 756 1181 803 Κοτυλίας
1211 754 1387 809 πολέμῳ
1419 765 1637 808 χειρωσα-

112 821 273 875 μένους
303 828 554 875 κατασχεῖν.
604 822 652 864 ἐκ
685 821 733 862 δὲ
764 825 840 876 τῆς
863 818 1081 876 Ῥεατίνης
1112 820 1317 870 ἀποικίας
1337 819 1635 863 ἀποστείλαν-

67 906 99 931 10
115 905 192 938 τας
212 888 349 938 ἄλλας
371 889 419 930 δὲ
440 889 590 938 πόλεις
612 890 759 930 κτίσαι
788 886 971 943 πολλάς,
1005 890 1056 931 ἐν
1085 883 1155 938 αἷς
1185 890 1328 931 οἰκεῖν
1359 887 1634 943 ἀτειχίστοις,

112 956 186 998 καὶ
217 954 269 1010 δή
303 957 377 998 καὶ
414 954 491 1006 τὰς
519 956 970 1010 προσαγορευομένας
999 957 1188 1011 Κύρεις·
1231 955 1382 1011 χώραν
1413 957 1461 998 δὲ
1500 973 1635 999 κατα-

112 1031 236 1078 σχεῖν
277 1026 354 1078 τῆς
390 1023 472 1078 μὲν
514 1022 747 1079 Ἀδριανῆς
795 1024 1020 1078 θαλάττης
1063 1023 1321 1079 ἀπέχουσαν
1365 1023 1479 1078 ἀμφὶ
1530 1023 1636 1074 τους

112 1090 389 1146 ὀγδοήκοντα
441 1092 515 1132 καὶ
559 1091 818 1141 διακοσίους
863 1092 1072 1142 σταδίους
1132 1095 1208 1147 τῆς
1253 1093 1301 1134 δὲ
1354 1092 1636 1147 Τυρρηνικῆς

111 1158 439 1212 τετταράκοντα
485 1158 595 1211 πρὸς
641 1160 905 1209 διακοσίοις·
945 1162 1084 1213 μῆκος
1131 1160 1179 1202 δὲ
1218 1159 1354 1214 αὐτῆς
1391 1157 1512 1202 εἷναί
1547 1176 1635 1214 φη-

65 1243 96 1269 15
115 1238 188 1268 σιν
232 1225 367 1282 ὀλίγῳ
404 1233 530 1280 μεῖον
567 1227 763 1268 σταδίων
802 1230 971 1281 χιλίων.
1031 1226 1153 1269 Ἔστι
1192 1228 1244 1269 δέ
1278 1243 1343 1277 τις
1384 1228 1457 1269 καὶ
1497 1225 1634 1276 ἄλλος

111 1292 225 1347 ὑπὲρ
257 1297 348 1336 τῶν
371 1296 583 1348 Σαβίνων
615 1294 666 1336 ἐν
698 1295 912 1349 ἱστορίαις
944 1295 1196 1348 ἐπιχωρίοις
1217 1295 1457 1348 λεγόμενος
1487 1294 1633 1349 λόγος,

111 1359 169 1412 ὠς
212 1362 584 1416 Λακεδαιμονίων
630 1362 969 1416 ἐποικησάντων
1014 1360 1165 1411 αὐτοῖς
1215 1361 1322 1404 καθ’
1369 1359 1422 1404 ὃν
1467 1362 1633 1416 χρόνον

113 1429 423 1485 ἐπιτροπεύων
440 1425 651 1483 Εὔνομον
682 1428 761 1471 τὸν
791 1428 1070 1484 ἀδελφιδοῦν
1087 1433 1354 1483 Λυκοῦργος
1374 1432 1427 1485 τῇ
1445 1429 1633 1484 Σπάρτῃ

111 1499 239 1539 ἔθετο
269 1495 373 1547 τοὺς
402 1497 583 1551 νόμους.
625 1495 876 1552 ἀχθομένας
904 1497 992 1551 γάρ
1022 1513 1147 1546 τινας
1176 1500 1228 1553 τῇ
1261 1496 1527 1552 σκληρότητι
1557 1498 1633 1551 τῆς

63 1582 96 1607 20
113 1567 383 1619 νομοθεσίας
413 1564 486 1607 καὶ
519 1565 783 1615 διαστάντας
813 1563 899 1606 ἀπὸ
930 1567 1020 1606 τῶν
1051 1564 1213 1619 ἑτέρων
1245 1569 1447 1619 οἴχεσθαι
1467 1565 1517 1606 τὸ
1547 1578 1628 1605 πα-

111 1632 259 1686 ράπαν
290 1633 339 1674 ἐκ
370 1635 446 1687 τῆς
475 1633 665 1682 πόλεως·
699 1633 847 1674 ἔπειτα
879 1631 953 1674 δια
984 1632 1205 1686 πελάγους
1236 1635 1407 1674 πολλοῦ
1439 1632 1634 1686 φερομέ-

110 1715 218 1750 νους
248 1699 465 1750 εὔξασθαι
497 1708 588 1749 τοῖς
620 1705 743 1749 θεοῖς
772 1700 941 1780 (πόθον
972 1700 1057 1754 γάρ
1088 1716 1188 1742 τινα
1218 1697 1438 1742 ὑπελθεῖν
1467 1697 1633 1747 αὐτούς

110 1766 434 1823 ὁποιαςδήποτε
463 1771 561 1823 γῆς)
595 1768 655 1816 είς
675 1784 732 1822 ην
763 1764 819 1809 ἄν
850 1769 1017 1809 ελθωσι
1048 1783 1245 1822 πρωτην,
1279 1768 1329 1810 ἐν
1360 1782 1499 1822 ταυτῃ
1522 1782 1630 1808 κατ-

111 1836 321 1891 οικησειν.
381 1835 682 1889 καταχθέντας
719 1835 767 1877 δε
806 1838 883 1890 τῆς
916 1834 1102 1884 Ἰταλίας
1146 1836 1248 1890 περι
1285 1852 1338 1877 τα
1374 1832 1630 1890 καλούμενα

63 1920 97 1945 25
114 1907 380 1958 Πωμεντῖνα
418 1904 549 1945 πεδία
586 1902 636 1944 τό
674 1919 719 1944 τε
757 1918 944 1957 χωριον,
986 1903 1036 1945 ἐν
1074 1905 1107 1958 ςὸ
1144 1917 1324 1957 πρωτον
1363 1900 1630 1957 ωρμίσαντο,

111 1972 351 2052 Φορωνίαν
389 1968 475 2012 ἀπὸ
514 1970 589 2024 τῆς
630 1972 847 2023 πελαγίου
886 1971 1118 2051 φορήσεως
1156 1969 1373 2025 ὀνομάσαι
1411 1971 1485 2011 και
1522 1970 1666 2024 θεᾶς,

112 2037 233 2091 ἱερὸν
272 2038 543 2092 ἱδρύσασθαι
581 2040 836 2092 Φορωνίας,
876 2054 902 2093 η
940 2037 1017 2088 τας
1057 2036 1188 2092 ευχάς
1226 2039 1403 2079 ἔθεντο·
1444 2035 1502 2091 ἡν
1544 2053 1630 2078 νυν

109 2103 208 2154 ενὸς
239 2104 409 2160 ἀλλαγη
439 2105 694 2161 γράμματος
716 2108 952 2159 Φερωνιαν
983 2107 1214 2147 καλοῦσιν.
1268 2106 1447 2147 ἐκεῖθεν
1479 2103 1521 2145 δ’
1554 2102 1629 2157 ὁρ-

109 2173 332 2227 μηθέντας
370 2171 520 2214 αὐτῶν
563 2188 686 2221 τινας
729 2175 969 2222 συνοίκους
1011 2180 1103 2222 τοῖς
1144 2174 1354 2227 Σαβίνοις
1391 2172 1624 2226 γενέσθαι·

58 2259 91 2284 30
109 2240 183 2281 καὶ
214 2238 286 2280 διὰ
315 2242 447 2281 τοῦτο
478 2238 622 2281 πολλὰ
651 2240 741 2282 τῶν
771 2242 973 2295 νομίμων
1001 2237 1115 2282 εἶναι
1138 2242 1350 2293 Σαβίνων
1371 2237 1627 2293 Λακωνικοὶ,

199 2375 268 2410 50·
285 2374 346 2409 51.
379 2377 455 2409 Vz'd.
469 2388 573 2418 supra
587 2389 618 2418 p
632 2378 763 2409 CXXX
777 2390 828 2420 ..ς-τ]
843 2396 885 2399 -
911 2378 971 2409 Sil
988 2378 1068 2410 Ital
1088 2378 1187 2409 VIII
1200 2379 1282 2409 423:
1308 2378 1398 2409 Pars
1416 2376 1542 2409 lwudes
1568 2387 1627 2408 ore

111 2422 276 2454 felebant
302 2422 416 2461 Sabe,
443 2425 544 2461 tium,
572 2423 632 2463 qui
658 2423 701 2454 de
728 2424 873 2465 proplio
900 2424 1114 2464 cognomine
1148 2424 1284 2465 primus
1307 2422 1443 2454 Dixisti
1474 2421 1628 2463 populus

110 2477 243 2509 magna
275 2447 416 2498 ditione⁷
446 2466 611 2498 Sabinos
660 2469 710 2499 De
741 2470 870 2509 miffl’ne
902 2468 1100 2500 Sabinorum
1130 2469 1401 2500 Lacedaemonia
1438 2468 1505 2498 nid.
1538 2467 1627 2499 Ρίῑιί.

110 2513 206 2543 Num.
233 2513 250 2543 1
277 2510 443 2554 Σαβῖνοι
468 2505 671 2554 βούλονται
696 2512 1010 2555 Λακεδαιμονίων
1037 2507 1197 2550 ἑαυτοὺς
1223 2506 1406 2549 ἀποίκους
1431 2509 1627 2554 γεγονέναι

109 2562 142 2590 et
167 2567 248 2599 quos
273 2557 417 2597 contegit
442 2558 532 2588 locos
556 2556 746 2598 Sehweylw
770 2559 800 2589 Ιι.
819 2559 858 2592 R.
885 2559 907 2589 I
926 2570 961 2599 p.
987 2559 1050 2589 251
1078 2564 1146 2590 noc.
1176 2561 1204 2589 1.

222 2667 297 2720 50,
330 2672 364 2707 2.
397 2667 578 2720 Σαβίνου
608 2673 697 2707 libri
743 2668 881 2721 Σάβου
914 2673 1088 2720 Syllnmy.
1213 2671 1251 2706 4.
1283 2668 1348 2707 καὶ
1380 2668 1457 2706 Δία
1499 2671 1625 2707 Vrbin.
1668 2704 1672 2707 .

281 2730 317 2766 6.
348 2723 439 2763 ποτὲ
469 2728 674 2775 Ix'iessliny.
707 2740 756 2763 (m
788 2725 878 2772 τούς
891 2732 907 2763 ζ)
1064 2729 1101 2764 7.
1133 2724 1230 2776 ἅμα]
1263 2723 1391 2775 αὐτὴν
1421 2729 1625 2775 Kiesslings.

106 2785 200 2831 fore.
233 2781 365 2821 πάλαι.
546 2784 583 2821 8.
616 2780 798 2828 Κοτύνας
828 2787 918 2822 libri
947 2797 1013 2820 em.
1050 2786 1228 2819 Gelenius
1428 2784 1492 2819 23.
1525 2778 1626 2834 αὐτῇ

107 2843 198 2877 libri
227 2853 328 2877 corr.
356 2841 506 2876 Reislte.
672 2840 735 2877 26.
770 2839 977 2890 Φορωνίαν
998 2841 1210 2875 Ambraseh
1239 2837 1465 2888 Φερωνείαν
1497 2841 1621 2876 Γνῖήφι.

177 2911 290 2939 Pmna,
311 2911 391 2934 nist.
412 2911 496 2934 nom.
517 2910 582 2935 1011.
621 2910 642 2934 1.
1324 2905 1355 2935 V
