1884 3213
53 1294 84 1318 10

377 193 507 226 FABII
533 192 757 226 PICTORIS
786 192 913 225 IVRIS
940 191 1211 224 PONTIFICII
1238 191 1366 223 LIBRI
1554 190 1629 229 1123

628 327 714 369 EX
752 326 960 368 LIBRO
992 326 1109 368 XVI

219 429 298 472 7³5⁶.
338 431 437 471 Non.
469 444 500 471 s.
533 444 572 470 u.
609 432 820 481 polybrum
857 444 898 480 p,
937 428 1022 470 544
1060 430 1206 469 Fabius
1246 430 1382 468 Pictor
1422 428 1490 467 lib.
1527 428 1627 467 XVl:

105 502 253 551 Aquam
286 499 471 538 manibus
494 498 741 551 pedibusque
774 499 878 541 dato.
912 498 1121 550 polybrum
1145 499 1307 536 sinislra
1341 509 1456 535 manu
1482 502 1628 541 teneto,

106 568 267 607 dextera
300 579 437 606 nasum
470 580 559 606 eum
593 579 705 619 aqua.

384 758 702 806 INCERTAE
740 756 914 805 SEDIS
952 756 1349 805 FRAGMENTA

219 870 299 911 8⁹⁵.
342 874 446 911 Fest.
477 884 508 910 s.
539 884 578 911 u.
611 873 746 911 Petilia
772 884 815 921 p.
849 869 932 910 250
963 872 1020 910 M.
1062 871 1189 910 Puilia
1222 883 1312 910 saxa
1344 883 1429 909 esse
1462 871 1506 909 ad
1542 883 1630 921 por-

108 946 210 985 tum,
242 941 310 991 qui
342 941 389 978 sit
425 939 643 978 secundum
673 939 853 978 Tiberim
886 940 940 977 ait
970 938 1116 977 Fabius
1148 939 1303 983 Pictor,
1343 951 1459 990 quem
1503 938 1630 976 locum

110 1013 219 1058 putat
250 1007 380 1046 Labeo
413 1006 507 1051 dici,
541 1007 610 1046 ubi
643 1008 765 1046 fuerit
796 1007 940 1045 Ficana
972 1008 1037 1045 uia
1070 1006 1245 1045 Ostiensi
1277 1006 1324 1044 ad
1356 1006 1526 1057 lapidem
1561 1018 1632 1043 un-

108 1075 320 1114 decimum.

219 1140 301 1182 9⁴⁴⁶.
335 1143 437 1182 Non.
470 1155 500 1181 s.
532 1154 570 1181 u.
601 1144 664 1181 sal
687 1154 733 1191 ρ.
755 1139 838 1180 223
876 1141 1024 1180 Neutro
1056 1141 1200 1180 Varro:
1235 1141 1529 1180 Commentario
1561 1153 1629 1179 ue-

108 1212 183 1249 teri
222 1209 335 1249 Fabii
366 1210 538 1249 Pictoris
577 1209 677 1260 legi:
711 1209 861 1247 Muries
901 1209 943 1247 fit
975 1221 1021 1247 ex
1053 1209 1154 1253 sale,
1195 1208 1300 1260 quod
1331 1209 1386 1247 sal
1427 1208 1632 1247 sordidum

110 1283 268 1317 tunsum
300 1283 359 1316 est
390 1283 428 1316 et
459 1278 499 1316 2⁸72
538 1277 656 1316 ollam
696 1276 835 1315 rudem
875 1277 1036 1316 fictilem
1070 1276 1270 1315 adiectum
1302 1281 1381 1321 est,
1420 1281 1459 1314 et
1497 1280 1633 1327 postea

108 1345 148 1385 id
179 1345 235 1385 sal
267 1346 446 1396 uirgines
478 1345 653 1384 Vestales
686 1356 795 1384 serra
827 1345 959 1384 ferrea
992 1350 1141 1383 secant.

199 1512 240 1547 9.
266 1514 311 1554 ef,
332 1514 422 1546 Fesc.
446 1525 482 1555 p.
505 1515 568 1546 158
593 1514 664 1546 M.:
693 1513 841 1552 Muries,
868 1523 975 1554 quem
999 1513 1046 1545 ad
1065 1512 1207 1544 modum
1232 1512 1415 1544 Veranius
1441 1510 1558 1551 docet,
1586 1522 1630 1542 eu

110 1569 203 1601 quae
228 1558 268 1591 fit
293 1570 337 1591 ex
363 1559 433 1590 sali
458 1558 615 1599 sordido,
641 1559 680 1590 in
706 1559 780 1600 pila
805 1559 926 1600 pisato
952 1562 988 1590 et
1012 1559 1049 1589 in
1069 1557 1176 1589 ollam
1202 1556 1351 1589 fictilem
1370 1556 1538 1588 coniecto
1564 1556 1632 1588 ibi-

111 1615 179 1646 que
205 1606 333 1646 operto
359 1607 586 1646 gypsatoque
606 1607 642 1635 et
668 1605 705 1635 in
732 1604 837 1635 furno
863 1606 1044 1645 percocto,
1072 1603 1130 1635 eui
1155 1603 1318 1643 uirgines
1336 1601 1505 1634 Vestales
1531 1611 1632 1633 serra

111 1651 231 1682 ferrea
250 1652 352 1681 secto
377 1652 414 1681 et
439 1649 477 1680 in
505 1649 636 1680 seriam
662 1649 849 1688 coniecto,
883 1659 975 1691 quae
1009 1651 1065 1680 est
1098 1648 1199 1679 intus
1236 1649 1273 1678 in
1307 1647 1395 1679 aede
1422 1648 1559 1679 Vestae
1595 1646 1632 1677 in

109 1705 204 1736 penu
230 1695 419 1734 exteriore,
448 1704 575 1735 aquam
601 1695 723 1736 iugem
748 1694 807 1725 uel
827 1693 1024 1735 quamlibet
1051 1696 1307 1735 praeterquam
1326 1702 1418 1734 quae
1446 1702 1511 1734 per
1535 1691 1633 1722 fistu-

110 1739 316 1816 lasluenit‚
349 1739 485 1771 addunt
520 1743 629 1781 atque
664 1749 708 1771 ea
739 1739 882 1771 demum
908 1739 946 1770 in
979 1738 1169 1771 sacrifieiis
1194 1740 1355 1772 utuntur.
1404 1736 1502 1769 Seru.
1528 1739 1632 1777 ecloy.

115 1785 168 1817 VI
195 1785 218 1816 I
239 1785 293 1817 82.

225 1929 268 1982 ’7,
303 1935 337 1970 1.
370 1934 490 1970 Pictor
521 1935 556 1969 in
588 1933 629 1968 Vl
660 1935 697 1969 F
811 1933 847 1969 2.
882 1936 952 1980 qua
995 1934 1025 1969 V
1137 1932 1365 1981 polymbrum
1397 1928 1465 1968 W¹
1528 1931 1632 1979 polli-

113 1991 212 2026 brum
244 1991 280 2025 F
391 1991 505 2026 mtinu
546 1991 589 2027 W
605 1986 615 2010 ¹
647 2002 750 2026 manu
792 1990 838 2026 W
845 1985 860 2009 ²
977 1990 1023 2039 3..
1048 2001 1167 2025 uasam
1208 1984 1278 2025 W1

223 2042 267 2095 9,
300 2047 337 2083 9.
368 2047 513 2095 pistoris
543 2043 593 2082 12¹
713 2052 849 2082 mustos
881 2045 919 2082 fit
947 2052 984 2082 et
1013 2046 1086 2082 sale
1108 2057 1179 2094 quo
1211 2045 1284 2081 sale
1305 2046 1394 2081 LW
1413 2056 1480 2080 em.
1506 2043 1633 2079 Came.

116 2103 178 2141 10.
208 2109 348 2139 sustum
380 2108 434 2139 est
463 2103 554 2139 LW
578 2114 646 2140 em.
671 2104 799 2140 Cm‘ac.
933 2104 968 2138 in
1001 2104 1087 2139 add.
1112 2102 1253 2150 Scaliq.
1392 2101 1457 2136 saci
1480 2100 1557 2136 dem
1591 2100 1634 2135 W

114 2160 179 2195 saei
209 2159 287 2196 dem
319 2160 349 2195 L
380 2171 448 2196 em.
484 2158 610 2196 Czcz'ac.
729 2161 931 2196 coniectum
964 2159 1092 2196 Cuiac.
1213 2158 1277 2194 11.
1309 2158 1425 2193 sei-reo
1467 2157 1514 2192 W

190 2953 304 2985 Peme,
331 2952 409 2977 Hist.
429 2952 514 2977 Rom.
534 2952 599 2977 rell.
636 2952 659 2976 1.
1280 2938 1364 2970 VIII
