1884 3213
201 181 283 223 296
806 178 1105 219 RELLIQVIAE

624 347 883 391 INOERTA
914 347 992 390 EX
1022 345 1310 389 HISTORIIS

319 452 421 495 133.
454 455 555 506 Lyd.
590 455 640 493 de
669 465 775 503 mas).
808 453 880 491 III
910 449 963 491 74
984 453 1033 490 F.
1067 449 1149 490 269
1180 452 1257 490 Blc.
1292 447 1416 502 Πρὸς
1446 452 1735 502 Πεσινοῦντι,

205 522 332 563 πόλει
370 523 448 575 τῆς
479 520 699 568 Γαλατίας
738 516 874 571 (οὕτω
914 517 962 558 δὲ
1000 520 1050 558 τὸ
1082 519 1248 571 χωρίον
1280 512 1589 571 ὀνομασθῆναι
1621 528 1737 570 συμ-

203 590 394 643 βέβηκεν
442 588 491 629 έκ
537 589 618 628 τοῦ
664 593 818 627 πεσεῖν
865 583 1093 640 ἀπείρους]
1126 585 1217 627 ἐκεῖ
1257 586 1471 626 Γαλατῶν
1508 586 1598 625 τῶν
1636 584 1738 638 περὶ

196 654 410 698 Ῥοδανὸν
443 655 752 698 ἐπιπεσόντων
783 657 835 708 τῇ
867 654 991 708 χώρᾳ
1011 654 1216 707 Βρέννου
1245 650 1530 707 ἡγησαμένου
1562 653 1636 694 καὶ
1657 651 1738 706 τὴν

204 722 447 779 ὁμώνυμον
478 721 628 772 αὐτοῖς
649 720 800 777 χώραν
826 722 1024 764 ἐκδικεῖν
1044 719 1334 774 βιαζομένων,
1357 717 1416 769 ὥς
1437 720 1739 770 Φενεστέλλας

204 792 279 834 καὶ
311 791 502 840 Σισένας
541 791 587 832 οἱ
607 787 814 844 Ῥωμαῖοί
849 799 1011 842 φασιν,
1052 783 1116 830 ὦν
1153 784 1231 837 τοὶς
1268 787 1447 843 χρήσεις
1486 786 1509 829 ὁ
1550 787 1740 843 Βάρρων

207 860 280 902 ἐπὶ
318 862 409 901 τῶν
440 858 745 913 ἀνθρωπίνων
775 855 1048 912 πραγμάτων
1080 852 1324 910 ἀνήγαγεν·
1360 854 1445 909 ἐγώ
1480 855 1528 897 δὲ
1559 853 1636 905 τοὶς
1665 857 1739 910 βί-

205 930 342 982 βλους
373 925 499 969 οὔπω
530 925 760 980 τεθέαμαι)
796 925 891 967 ἐκεῖ
917 926 1075 965 τοίνυν
1104 924 1287 979 τέμενος
1316 916 1374 977 ἦν
1405 939 1443 965 κ.
1477 938 1514 964 τ.
1549 925 1587 965 λ.

321 996 425 1038 134.
471 998 574 1036 Νοη.
612 1009 642 1035 s.
682 1009 720 1035 ιι.
760 997 968 1043 ᾱὶεραῖανθ
1010 1007 1050 1043 p.
1088 992 1163 1033 101
1212 994 1318 1033 Idem
1352 989 1575 1048 [Sise7ma]:
1615 994 1739 1033 Tanto

209 1068 343 1119 plures
376 1068 521 1118 passim
554 1065 816 1115 dispalautur.

324 1131 427 1174 135.
461 1134 563 1172 Non.
597 1134 787 1171 nominal.
815 1142 895 1180 pro
927 1131 1005 1169 abl.
1034 1142 1076 1179 p.
1099 1128 1182 1170 502
1214 1130 1320 1169 Idem
1355 1126 1573 1184 [SiseJma]:
1606 1130 1742 1169 Hostis

209 1204 294 1242 loca
327 1203 534 1253 superiora
567 1203 696 1252 potiti.

325 1267 427 1310 136.
469 1270 568 1308 Non.
608 1280 637 1307 s.
679 1281 717 1307 ιι.
749 1270 881 1307 senate·
908 1272 945 1306 et
975 1269 1152 1306 senatuis
1177 1278 1220 1316 p.
1252 1264 1336 1305 484
1380 1267 1489 1305 Idem
1521 1263 1740 1321 [Sisenna]:

211 1339 337 1377 Simul
370 1344 407 1377 et
440 1338 616 1376 senatuis
648 1337 843 1375 consultis
875 1335 1110 1374 clarissimis
1142 1334 1386 1387 amplificati.

328 1403 429 1445 137.
464 1406 561 1444 Gell.
594 1405 684 1443 XI]
718 1401 781 1449 15,
818 1402 837 1441 1
878 1403 974 1443 Cum
1006 1403 1279 1442 lectitaremus
1311 1403 1518 1442 historiam
1551 1402 1742 1442 Sisennae

212 1474 396 1517 adsidue,
439 1472 717 1512 huiuscemodi
757 1473 906 1523 figurae
939 1471 1131 1510 aduerhia
1165 1473 1205 1510 in
1237 1472 1417 1510 oratione
1450 1473 1535 1509 eius
1567 1471 1742 1510 animad-

213 1544 428 1585 uertimus,
470 1540 646 1579 cuimodi
676 1546 767 1579 sunt
796 1540 914 1578 haee:
950 1540 1127 1584 Cursim‚
1160 1540 1419 1591 properatim,
1453 1538 1626 1583 celatim,
1660 1538 1743 1577 uel-

213 1611 385 1654 licatim,
434 1609 649 1648 saltuatim.
717 1607 774 1646 Ex
820 1607 966 1658 quibus
1006 1607 1083 1646 duo
1123 1608 1272 1658 prima,
1321 1609 1413 1658 quia
1453 1610 1544 1645 sunt
1575 1607 1743 1650 notiora,

215 1677 408 1729 exemplis
440 1689 519 1716 non
553 1675 803 1727 indigebant.

305 1832 391 1868 137.
430 1833 589 1875 Sequitur
613 1835 706 1876 apud
732 1834 868 1866 Gellium
890 1833 939 1873 fr.
967 1833 1043 1866 126.

334 1979 438 2032 133,
473 1985 508 2020 1.
544 1983 803 2019 Πεσεινουντι
836 1983 971 2019 codem.
1034 1982 1306 2019 Πεσσινοῦντι
1340 1983 1509 2018 Belclcer.

334 2035 438 2089 134,
474 2041 536 2077 10.
569 2040 688 2088 palant
720 2035 775 2075 F¹
838 2038 1014 2086 dispalant
1045 2034 1105 2074 F²

335 2092 439 2145 135,
475 2096 536 2133 12.
568 2097 675 2144 potiri
708 2097 876 2133 Mercer.

336 2148 438 2201 136,
473 2153 536 2189 14.
568 2154 700 2189 senatis
734 2154 762 2188 L
782 2153 829 2187 W
847 2153 875 2187 V
934 2152 1094 2187 senatuis
1126 2152 1294 2188 Mereor.
1357 2163 1398 2187 eo
1429 2153 1544 2186 senati
1576 2150 1744 2187 consulto

220 2213 261 2247 L.
298 2212 462 2246 Mueller
498 2213 536 2246 in
574 2210 687 2246 Jahn.
722 2221 813 2245 ann.
848 2208 899 2245 95
933 2206 1087 2257 (1867)
1129 2221 1166 2255 p.
1199 2208 1279 2244 494
1322 2207 1522 2243 honoribus
1563 2221 1586 2243 (ι
1627 2208 1747 2244 Nonio

223 2271 397 2303 omissum
429 2278 511 2302 esse
544 2268 782 2302 ewistumans

339 2341 447 2394 137,
493 2346 552 2381 15.
586 2346 784 2392 hystoriam
817 2350 829 2380 ί
888 2333 1033 2379 istoriaS
1072 2356 1102 2390 φ
1162 2344 1333 2380 historias
1372 2357 1397 2391 J)
1457 2343 1607 2379 historia
1641 2355 1663 2378 (ι

224 2404 382 2450 ςίεοιιυίς
413 2408 423 2437 τ
486 2402 629 2448 sisenne
663 2402 730 2448 By
848 2400 909 2436 17.
943 2411 1007 2435 cur
1037 2402 1103 2436 sim
1135 2413 1165 2447 φ
1293 2401 1355 2437 17.
1392 2401 1454 2436 18.
1490 2399 1680 2435 uellicatim
1713 2404 1749 2434 et

225 2472 259 2507 q.
294 2472 321 2494 s.
355 2471 425 2496 om.
459 2471 481 2494 a
602 2457 662 2493 18.
696 2457 844 2493 salutati
873 2462 885 2492 t
944 2456 1125 2492 saltuatim
1154 2468 1180 2502 y

1762 728 1779 754 5

1765 1068 1797 1092 10

1767 1406 1799 1431 15
