1884 3213
293 483 645 538 INCERTAE
687 482 980 539 AETATIS
1033 483 1455 542 SCRIPTORES

637 616 892 683 Sulpicius
927 617 1115 666 Blitho.

226 754 348 793 Vnico
381 754 549 804 Sulpicii
585 752 784 792 Blithonis
822 753 1016 792 librorum
1058 756 1280 803 fragmento
1318 757 1383 794 uix
1426 758 1638 808 quidquam

112 824 313 873 praefatus
345 834 494 865 essem,
536 823 613 859 nisi
645 834 664 859 a
696 821 834 859 Vossio
868 820 948 871 (lib.
982 821 996 859 l
1028 834 1060 860 e.
1092 819 1142 860 18
1174 835 1212 873 p.
1246 821 1312 876 92)
1355 830 1504 863 temere
1537 831 1640 863 esset

112 890 297 927 confusus
328 901 418 927 cun]
450 888 626 940 Sulpicio
648 888 783 933 Galba,
816 888 964 927 Galbae
996 891 1251 940 imperatoris
1284 904 1371 937 auo,
1405 894 1472 943 qui
1505 891 1637 930 multi-

111 957 256 1007 plicem
288 968 360 995 nec
391 957 631 995 incuriosam
664 957 871 995 historiam
895 956 1039 1001 edidit,
1074 961 1116 995 ut
1145 959 1200 996 ait
1222 958 1433 998 Suetonius
1464 959 1574 998 Galb.
1599 957 1637 1003 3,

111 1026 222 1062 euius
254 1024 330 1062 duo
361 1025 582 1073 fragmenta
607 1023 680 1074 (ap.
705 1024 805 1062 Plut.
830 1024 941 1062 Rom.
970 1023 1030 1069 17,
1059 1024 1174 1063 Oros.
1207 1025 1237 1063 V
1267 1023 1335 1078 23)
1369 1027 1414 1065 ad
1448 1040 1518 1066 nos
1548 1039 1639 1078 per-

110 1097 317 1130 uenerunt.
359 1104 447 1129 nam
477 1091 593 1129 huius
623 1096 736 1141 pater
758 1091 843 1129 Ser.
869 1091 1067 1142 Sulpicius
1099 1092 1240 1137 Galba,
1274 1106 1361 1132 eum
1395 1107 1427 1132 a.
1459 1091 1527 1133 54.
1558 1092 1639 1132 700

109 1166 335 1210 praeturam
367 1163 542 1209 gereret,
575 1171 609 1196 a.
640 1156 708 1197 49.
743 1155 824 1197 705
855 1159 1100 1198 consulatum
1132 1166 1287 1211 peteret
1323 1161 1481 1211 (Pauly,
1515 1163 1636 1200 Real-

109 1228 266 1277 encyscl.
298 1226 344 1264 VI
374 1224 401 1264 2
432 1239 469 1277 p.
506 1224 625 1278 1499)
659 1232 742 1264 erat
774 1227 945 1265 Cornelii
979 1226 1139 1278 Nepotis
1178 1228 1374 1279 aequalis:
1414 1231 1479 1280 qui
1512 1230 1637 1279 igitur

109 1296 196 1333 fieri
227 1296 372 1345 potuit,
406 1300 448 1332 ut
478 1294 624 1332 librum
657 1294 827 1345 aliquem
860 1294 907 1333 ab
940 1296 1027 1333 eius
1049 1296 1127 1334 filio
1160 1298 1408 1347 conpositum
1432 1297 1637 1335 Cornelius

110 1362 241 1413 Nepos
272 1363 311 1400 in
344 1361 575 1400 auctoribus
607 1363 688 1400 suis
719 1362 907 1401 haberet?

776 1507 952 1556 Alfius.

221 1611 307 1650 Alfii
347 1611 557 1662 conplures
597 1612 820 1651 litterarum
861 1611 976 1650 laude
1015 1612 1208 1661 floruere,
1250 1618 1293 1651 ut
1332 1613 1451 1651 Alfius
1490 1612 1635 1652 Flauus

107 1681 274 1729 Augusti
305 1684 431 1717 aetate
463 1679 622 1717 celeber
659 1685 744 1717 erat
775 1679 912 1717 rhetor
945 1679 1251 1729 (Westeimann,
1293 1681 1429 1719 Gescle.
1463 1681 1503 1719 d.
1534 1685 1630 1719 rom.

110 1746 388 1784 Beredtsamfc.
425 1759 463 1797 p.
486 1744 602 1796 295),
634 1752 716 1784 tum
749 1746 842 1784 libri
874 1747 1151 1785 excellentium
1174 1749 1351 1786 uirorum
1375 1747 1505 1798 Alphii
1528 1750 1633 1787 Auiti

107 1814 311 1853 cuiusdam
343 1813 559 1852 identidem
594 1827 612 1852 a
645 1814 848 1852 Prisciano
888 1814 1095 1853 laudantur
1127 1813 1392 1865 (Wernsdorf,
1428 1821 1530 1864 poet.
1564 1819 1631 1854 [al.

105 1883 202 1919 min.
234 1880 285 1919 111
316 1894 356 1932 p.
380 1880 503 1920 XXXI
534 1892 590 1932 sq.
639 1882 688 1919 ef.
722 1881 763 1919 L.
786 1881 952 1920 Mueller
984 1883 1023 1920 d.
1055 1895 1089 1920 r.
1122 1894 1170 1920 m.
1204 1895 1242 1934 p.
1268 1879 1347 1921 102
1368 1883 1456 1934 sq.)‚
1489 1883 1632 1921 deinde

106 1948 254 1987 Flauus
292 1949 413 1987 Alfius
454 1948 500 1987 de
539 1948 726 2000 delphino
767 1960 935 1999 puerum
976 1950 1171 2001 quendam
1218 1955 1372 1988 amante
1419 1963 1496 1989 una
1542 1963 1630 1989 cum

106 2016 331 2056 Maecenate
365 2021 403 2053 et
432 2016 607 2054 Fabiano
640 2029 659 2054 a
691 2016 818 2055 Plinio
850 2029 887 2055 n.
912 2017 949 2055 h.
974 2017 1076 2055 VIIII
1097 2015 1151 2055 25
1184 2019 1296 2056 testis
1327 2019 1486 2056 citatur.
1520 2018 1629 2056 deni-

106 2096 180 2134 que
212 2089 375 2136 quartus
408 2083 561 2122 aceedit
580 2083 700 2122 Alfius
714 2082 761 2136 ¹),
794 2086 967 2136 scriptor
999 2084 1093 2122 belli
1125 2084 1483 2135 Carthaginiensis,
1516 2087 1630 2125 euius

106 2152 298 2190 memoria
329 2157 455 2189 exstat
487 2152 588 2200 apud
621 2151 795 2191 Festum.
810 2148 838 2201 2)
900 2157 1016 2202 atque
1049 2152 1209 2190 Vossius
1240 2152 1396 2203 quidem
1431 2152 1491 2203 (de
1523 2159 1627 2203 poet.

103 2224 171 2264 lat.
194 2231 231 2270 p.
255 2216 321 2269 38)
355 2231 401 2256 ex
430 2218 492 2257 his
513 2230 634 2258 unum
657 2219 789 2258 effecit
809 2218 974 2258 Flauum
995 2219 1137 2258 Alfium
1159 2221 1341 2265 Auitum,
1375 2221 1443 2271 qui
1463 2222 1629 2270 Augusti

111 2292 150 2324 et
186 2286 341 2324 Tiberii
380 2286 626 2337 temporibus
666 2288 849 2332 uixisset,
890 2299 1037 2338 neque,
1079 2300 1190 2332 cum,
1238 2299 1336 2337 quae
1385 2287 1431 2326 de
1471 2288 1627 2326 illorum

106 2356 343 2405 scriptorum
376 2353 569 2392 aetatibus
612 2354 752 2393 tradita
793 2360 901 2398 sunt,
943 2367 1020 2393 non
1059 2356 1377 2406 refragarentur,
1419 2368 1505 2394 eam
1537 2368 1625 2394 sen-

106 2424 268 2461 tentiam
303 2420 529 2471 inprobauit
550 2421 797 2461 Wernsdors.
839 2434 940 2473 quae
972 2423 1005 2460 si
1035 2427 1143 2462 reete
1175 2422 1231 2461 illi
1262 2424 1451 2472 suspicati
1484 2428 1625 2466 essent,

196 2601 220 2642 1)
253 2600 522 2643 Nipperdeyum
555 2601 701 2641 (Philol.
734 2602 783 2635 VI
817 2613 851 2644 p.
878 2602 957 2646 138)
988 2614 1062 2636 non
1092 2608 1193 2635 reete
1228 2602 1346 2635 Coelii
1377 2613 1506 2635 nomen
1544 2603 1625 2635 sub-

106 2658 268 2690 stituisse
294 2657 414 2689 uideri
438 2658 510 2688 iam
535 2668 644 2699 supra
669 2669 703 2700 p.
729 2658 944 2691 CCXXXVI
968 2661 1183 2691 monuimus.

195 2714 221 2753 2)
251 2714 323 2747 Sub
349 2714 490 2756 Alpheo
515 2713 705 2756 Philologo
731 2715 827 2756 apud
853 2715 969 2747 Prisc.
993 2716 1083 2747 VIII
1114 2726 1146 2756 p.
1175 2716 1238 2746 792
1264 2716 1303 2746 P.
1330 2716 1395 2747 383
1422 2716 1484 2755 H.,
1520 2726 1623 2756 quem

105 2770 257 2814 eundem
292 2780 371 2802 esse
403 2773 511 2811 atque
543 2769 713 2811 Alphium
743 2771 891 2802 Auitum
922 2772 1130 2812 suspicatur
1161 2771 1380 2803 Wernsdorf
1409 2783 1443 2813 p,
1468 2771 1619 2813 XXXII,

103 2827 195 2859 latet
222 2827 351 2859 Ateius
383 2827 614 2869 Philologus,
647 2838 751 2868 quem
782 2832 880 2860 recte
913 2828 1054 2861 detexit
1087 2829 1212 2861 Osann
1243 2831 1363 2863 annal.
1400 2831 1478 2863 crit.
1507 2842 1539 2874 p.
1566 2833 1619 2866 66,

105 2885 152 2917 cf.
179 2888 291 2917 Hertz
320 2895 350 2916 a.
378 2883 410 2915 h.
438 2885 458 2916 l.
