1884 3213
626 189 868 223 VALERIVS
898 188 1072 222 AN'rlAS
1433 199 1605 229 CCCXIII

82 306 277 345 librorum
310 305 408 343 XXV
449 303 511 354 (l'r.
544 302 633 355 23),
676 303 793 342 XXVI
827 301 928 354 (24),
969 303 1125 342 XXVIII
1159 302 1261 355 (26),
1304 304 1474 342 XXVIIII
1511 303 1605 353 (275,

82 373 186 413 XXX
207 371 288 421 (28.
311 370 379 411 29.
401 370 490 423 30>ς
524 372 620 411 baec
653 385 769 410 causa
802 372 877 410 suit
903 371 1105 410 lN'itzscliio
1135 369 1247 421 (mus.
1271 372 1395 410 llbcn.
1422 385 1458 409 n.
1482 371 1605 409 XXIII

83 456 118 494 p.
151 438 234 480 604
264 440 384 492 sqq.),
426 445 470 478 ut
508 441 549 478 in
590 439 713 478 altera
754 441 839 477 eius
878 439 1038 478 decadis
1078 445 1188 490 parte
1226 440 1400 478 Coelium
1445 445 1607 491 propter

83 511 259 562 poeticos
290 520 388 559 quos
430 507 678 546 adhibuisset
718 509 846 546 sontes
879 520 899 544 a
931 506 1045 545 Liuio
1085 509 1305 558 sepositum
1336 508 1484 545 Antiati
1521 521 1605 545 ces-

83 580 181 617 sisse
217 577 476 615 existimaret.
537 577 632 626 quin
665 577 783 613 etiam
816 574 916 612 banc
948 575 1217 624 suspicionem
1258 574 1362 612 idem
1400 577 1608 625 propmuit

85 644 135 696 (p.
168 640 285 694 605),
328 656 426 694 quae
466 655 511 681 ex
542 642 708 693 Polybio
747 641 849 693 apud
880 641 1038 680 Liuium
1079 643 1274 691 originem
1314 642 1459 681 ducere
1498 643 1605 680 uide-

85 717 242 756 rentur,
276 711 323 749 de
355 709 476 749 rebus
508 711 780 761 potissimum,
813 722 912 760 quae
945 711 985 747 in
1016 709 1148 747 Africa
1181 713 1314 759 gestae
1347 716 1489 753 essent,
1532 723 1607 748 non

84 793 129 819 ex
162 782 247 830 ipso
279 777 444 829 Polybio
476 778 598 829 petita
631 790 715 816 esse
755 776 823 815 scd
861 789 932 828 per
963 776 1163 815 Valerium
1194 777 1391 815 Antiatem
1433 779 1471 815 in
1505 777 1606 815 Liuii

86 847 210 887 libros
243 848 459 885 transiisse.
521 845 589 884 sed
621 845 718 883 haee
751 846 913 882 omnino
945 845 1066 883 nullis
1105 846 1287 882 nituntur
1326 844 1609 882 fundamentis.

86 917 276 954 nimirum
308 915 372 952 uir
405 914 471 952 ille
510 913 765 951 doctissimus
805 924 944 950 eorum
984 914 1180 951 sententia
1221 913 1353 950 animo
1394 924 1610 962 praeoccu-

87 988 221 1035 patus,
263 983 329 1033 qui
372 983 411 1020 in
450 982 513 1020 his
551 980 668 1019 libris
699 979 908 1031 Polybium
939 980 1054 1018 Liuio
1097 981 1137 1018 in
1176 979 1356 1019 fontibus
1389 980 1511 1018 fuisse
1544 992 1611 1017 ne-

85 1056 197 1101 gant,
231 1061 321 1088 cum
352 1048 543 1100 quaedam
576 1050 627 1087 ita
661 1048 764 1099 apud
794 1047 952 1086 Liuium
985 1053 1197 1098 conparata
1230 1060 1315 1086 esse
1348 1047 1611 1097 intellegeret,

88 1123 128 1157 ut
160 1129 238 1155 non
269 1121 429 1168 possent
461 1128 539 1154 non
571 1115 731 1155 fluxisse
763 1128 810 1153 ex
842 1114 1028 1165 Polybio,
1069 1120 1179 1153 recto
1220 1117 1364 1153 itinere
1402 1120 1535 1166 spreto
1568 1115 1612 1153 ad

88 1186 157 1223 bas
189 1184 374 1235 ambages
408 1184 607 1234 confugit,
647 1185 687 1222 in
727 1195 824 1235 quas
863 1188 906 1221 ut
937 1187 1097 1221 secutus
1130 1181 1359 1221 aberrarem
1395 1183 1494 1220 mihi
1526 1184 1612 1233 qui-

88 1253 174 1291 dem
209 1264 286 1290 non
332 1252 541 1302 persuasit.
604 1264 675 1301 ego
707 1250 866 1302 quidem
906 1252 944 1288 in
978 1262 1021 1288 ea
1054 1251 1249 1289 sententia
1281 1262 1517 1301 perseuero‚
1560 1255 1612 1294 ut,

89 1322 127 1359 in
160 1319 305 1371 quibus
337 1319 458 1357 rebus
489 1318 678 1369 Polybius
710 1324 748 1356 et
778 1318 917 1356 Liuius
949 1319 1220 1362 consentiant,
1269 1330 1334 1355 eas
1371 1330 1389 1355 a
1421 1317 1536 1355 Liuio
1568 1330 1613 1355 ex

93 1390 176 1439 ipso
208 1386 372 1437 Polybio
405 1399 520 1425 uersa
553 1399 638 1424 esse
671 1386 812 1424 dicam.
871 1386 1001 1436 itaque
1034 1397 1106 1423 nec
1140 1385 1297 1423 Coelius
1330 1398 1402 1423 nec
1434 1384 1615 1423 Valerius

88 1455 165 1494 dux
203 1456 419 1506 primarius
456 1454 572 1492 Liuio
613 1455 652 1491 in
692 1454 765 1492 bac
804 1452 951 1491 decade
992 1455 1067 1491 l'uit
1104 1475 1160 1478 ——
1197 1465 1287 1491 nam
1333 1452 1437 1491 hunc
1484 1453 1614 1491 locum

89 1523 242 1561 obtinet
273 1521 461 1572 Polybius
491 1544 567 1565 —,
608 1521 676 1559 sed
716 1526 759 1559 ut
791 1522 830 1558 in
867 1526 1006 1571 quarta
1046 1519 1192 1558 decade
1225 1520 1412 1558 Claudius
1444 1520 1614 1565 Quadri-

87 1591 225 1641 garius
257 1595 295 1628 et
326 1589 526 1633 Valerius,
567 1590 621 1627 ita
661 1590 700 1626 in
733 1588 804 1626 hac
837 1588 994 1627 Coelius
1034 1594 1072 1626 ct
1104 1587 1282 1625 Valerius
1316 1589 1355 1625 in
1387 1587 1614 1625 subsidium

88 1662 240 1696 tantum
281 1658 411 1694 uocati
449 1661 553 1694 sunt.
616 1668 687 1694 nec
729 1656 828 1694 illud
868 1655 1013 1706 probo,
1057 1656 1096 1694 in
1136 1655 1260 1693 altera
1299 1655 1416 1693 buius
1457 1655 1616 1693 decadis

89 1730 200 1776 parte
233 1723 432 1767 Coelium,
475 1736 564 1761 cum
596 1728 732 1773 poetas
763 1723 851 1774 plus
883 1735 1000 1774 quam
1037 1722 1230 1761 historico
1270 1722 1532 1765 conduceret,
1576 1724 1615 1760 in

91 1791 306 1831 scribendo
339 1790 566 1829 consuleret
592 1788 641 1841 (p.
665 1787 746 1828 608
775 1792 826 1828 es.
850 1803 969 1841 supra
1002 1803 1038 1841 p.
1073 1789 1296 1841 CCXXIII),
1329 1803 1349 1828 a
1381 1790 1496 1828 Liuio
1523 1802 1616 1840 prae

92 1860 246 1898 Valerio
287 1857 486 1897 abiectum
524 1870 623 1896 esse.
684 1870 773 1896 nam
812 1871 885 1896 uec
926 1858 1000 1896 hoc
1042 1858 1133 1896 ullis
1173 1859 1417 1907 argumentis
1455 1857 1616 1895 Nitzscb

91 1926 295 1978 probauit,
328 1938 347 1963 a
371 1925 504 1964 Coelio
528 1925 765 1976 procedente
796 1937 915 1976 opere
946 1930 1082 1976 poetas
1106 1924 1288 1963 adbiberi
1321 1930 1483 1975 coeptos
1516 1938 1616 1967 esse,

91 1994 193 2045 quod
239 1998 434 2043 tamquam
473 2005 544 2044 pro
586 2005 681 2031 uero
723 1992 966 2036 adfirmauit,
1008 1997 1046 2030 et
1086 1994 1126 2030 in
1167 1994 1224 2030 eis
1264 1994 1360 2043 ipsis
1393 1992 1528 2035 libris,
1571 1992 1615 2029 ιΙι·

91 2060 237 2113 quibus
268 2072 398 2098 sermo
431 2065 489 2098 est
522 2059 848 2110 (XXV—XXX),
882 2060 1061 2097 Valerius
1092 2061 1258 2110 septies,
1299 2060 1456 2098 Coelius
1487 2060 1616 2096 sexies

93 2130 238 2167 citatus
269 2132 347 2171 est,
387 2132 429 2165 ut
461 2126 509 2165 ab
541 2126 613 2165 hac
646 2126 804 2177 quidem
838 2132 947 2177 parte
981 2132 1147 2177 uterque
1180 2127 1317 2165 eodem
1358 2128 1443 2165 iure
1477 2127 1616 2164 borum

97 2195 291 2233 librorum
325 2196 600 2233 auctoritatem
633 2194 711 2232 sibi
746 2195 950 2232 uindicare
972 2196 1111 2245 possit.
1150 2195 1281 2244 itaque
1303 2206 1539 2244 quamqiunn
1572 2206 1614 2230 ex

95 2262 250 2300 Valerio
283 2274 369 2299 esse
401 2263 549 2312 sumpti
591 2261 780 2299 uidentur
812 2263 879 2312 qui
912 2263 1069 2299 numeri
1110 2262 1292 2311 ingentes
1325 2261 1565 2299 exhibentur
1597 2273 1615 2297 a

96 2330 208 2367 Liuio
240 2327 341 2366 XXX
374 2341 408 2366 c.
441 2326 487 2372 6,
520 2326 544 2366 8
577 2333 615 2366 et
646 2342 679 2367 c.
712 2326 787 2372 36,
820 2326 908 2379 8¹),
951 2334 1080 2367 tamen
1113 2330 1199 2367 cius
1232 2331 1357 2379 ipsius
1390 2330 1468 2372 rei,
1502 2341 1615 2378 qnam

96 2409 141 2434 ex
173 2396 315 2434 horum
355 2407 549 2434 annorum
580 2397 705 2446 spatio
738 2408 757 2434 a
792 2396 950 2434 Valerio
992 2402 1189 2434 narratam
1229 2408 1314 2434 esse
1353 2395 1511 2434 aliunde
1553 2408 1615 2431 co-

189 2596 212 2637 ¹)
237 2596 385 2628 Numeri
417 2595 659 2627 Romanorum
686 2597 961 2639 Poenorumque
994 2598 1038 2629 ad
1064 2599 1211 2629 Zamam
1244 2606 1429 2629 caesorum
1462 2606 1482 2626 a
1514 2595 1618 2626 Liuio

99 2652 215 2693 (XXX
242 2654 303 2692 35,
330 2650 363 2693 3)
389 2651 507 2683 adlati
538 2654 622 2683 sunt
647 2652 790 2693 Polybii
816 2651 895 2693 (XV
922 2654 983 2696 15,
1010 2653 1056 2693 9).
1098 2653 1248 2685 Nitzseh
1275 2664 1308 2693 p.
1335 2653 1399 2683 605
1425 2654 1618 2692 praetcrea

98 2708 162 2739 hos
193 2709 292 2741 locos
319 2707 528 2745 adnotanit,
563 2708 642 2748 qui,
676 2717 754 2739 cum
781 2718 968 2740 caesorum
1000 2710 1156 2740 numeris
1189 2711 1275 2749 quot
1306 2707 1411 2748 signa
1444 2706 1619 2737 militaria

100 2767 208 2804 capta
235 2765 377 2802 essent,
412 2762 573 2793 additum
600 2766 717 2802 esset,
756 2763 801 2794 ad
829 2764 965 2795 Valerii
993 2765 1251 2795 auctoritatem
1278 2762 1456 2793 redirent:
1495 2762 1618 2793 XXIII

99 2819 158 2857 35,
188 2819 236 2849 19.
264 2819 317 2858 37,
347 2819 396 2851 11.
423 2819 483 2858 40,
514 2819 562 2850 11.
592 2818 707 2850 XXVI
735 2820 773 2858 (3,
800 2820 829 2853 8.
857 2820 994 2851 XXVII
1022 2821 1072 2857 12,
1104 2820 1153 2851 12.
1181 2820 1234 2855 4⁴2,
1263 2819 1290 2848 7.
1331 2818 1469 2848 numeri
1496 2821 1616 2849 tamen

99 2873 169 2914 ipsi
196 2873 286 2905 satis
311 2873 441 2905 modici
467 2877 562 2905 sunt.
