<?xml version="1.0" encoding="UTF-8"?>
<!DOCTYPE html PUBLIC "-//W3C//DTD XHTML 1.0 Transitional//EN"
    "http://www.w3.org/TR/xhtml1/DTD/xhtml1-transitional.dtd">
<html xmlns="http://www.w3.org/1999/xhtml" xml:lang="en" lang="en">
 <head>
  <title>
</title>
<meta http-equiv="Content-Type" content="text/html;charset=utf-8" />
  <meta name='ocr-system' content='tesseract 3.04.00' />
  <meta name='ocr-capabilities' content='ocr_page ocr_carea ocr_par ocr_line ocrx_word'/>
</head>
<body>
  <div class='ocr_page' id='page_1' title='image "./veterumhistorico01peteuoft_0066.png"; bbox 0 0 1884 3213; ppageno 0'>
   <div class='ocr_carea' id='block_1_1' title="bbox 254 206 1235 254">
    <p class='ocr_par' dir='ltr' id='par_1_1' title="bbox 254 206 1235 254">
     <span class='ocr_line' id='line_1_1' title="bbox 254 206 1235 254; baseline -0.013 -2"><span class='ocrx_word' id='word_1_1' title='bbox 254 223 418 254; x_wconf 75' lang='lat' dir='ltr'>xxxxn</span> <span class='ocrx_word' id='word_1_2' title='bbox 775 206 1177 243; x_wconf 86' lang='lat' dir='ltr'>PROLEGOMENON</span> <span class='ocrx_word' id='word_1_3' title='bbox 1201 206 1235 239; x_wconf 91' lang='lat'>11</span> 
     </span>
    </p>
   </div>
   <div class='ocr_carea' id='block_1_2' title="bbox 254 321 1809 1325">
    <p class='ocr_par' dir='ltr' id='par_1_2' title="bbox 254 321 1775 444">
     <span class='ocr_line' id='line_1_2' title="bbox 254 321 1775 379; baseline -0.004 -14"><span class='ocrx_word' id='word_1_4' title='bbox 254 341 330 379; x_wconf 74' lang='lat' dir='ltr'>qun</span> <span class='ocrx_word' id='word_1_5' title='bbox 364 329 528 378; x_wconf 79' lang='lat' dir='ltr'>propius</span> <span class='ocrx_word' id='word_1_6' title='bbox 559 326 605 364; x_wconf 85' lang='lat' dir='ltr'>ad</span> <span class='ocrx_word' id='word_1_7' title='bbox 638 337 747 363; x_wconf 77' lang='lat' dir='ltr'>suani</span> <span class='ocrx_word' id='word_1_8' title='bbox 780 322 992 363; x_wconf 75' lang='lat' dir='ltr'>accedebat</span> <span class='ocrx_word' id='word_1_9' title='bbox 1027 328 1217 366; x_wconf 79' lang='lat' dir='ltr'>aetatem,</span> <span class='ocrx_word' id='word_1_10' title='bbox 1260 334 1306 360; x_wconf 90' lang='lat' dir='ltr'>eo</span> <span class='ocrx_word' id='word_1_11' title='bbox 1338 321 1489 372; x_wconf 81' lang='lat' dir='ltr'>largior</span> <span class='ocrx_word' id='word_1_12' title='bbox 1520 323 1557 360; x_wconf 89' lang='lat' dir='ltr'>ei</span> <span class='ocrx_word' id='word_1_13' title='bbox 1589 325 1775 372; x_wconf 78' lang='lat' dir='ltr'>suppete-</span> 
     </span>
     <span class='ocr_line' id='line_1_3' title="bbox 257 388 1140 444; baseline -0.003 -12"><span class='ocrx_word' id='word_1_14' title='bbox 257 395 315 433; x_wconf 78' lang='lat' dir='ltr'>bat</span> <span class='ocrx_word' id='word_1_15' title='bbox 351 396 515 433; x_wconf 82' lang='lat' dir='ltr'>materia</span> <span class='ocrx_word' id='word_1_16' title='bbox 548 405 676 444; x_wconf 86' lang='lat' dir='ltr'>neque</span> <span class='ocrx_word' id='word_1_17' title='bbox 709 392 756 431; x_wconf 87' lang='lat' dir='ltr'>ab</span> <span class='ocrx_word' id='word_1_18' title='bbox 789 405 834 429; x_wconf 82' lang='lat' dir='ltr'>eo</span> <span class='ocrx_word' id='word_1_19' title='bbox 866 398 997 442; x_wconf 79' lang='lat' dir='ltr'>spreta</span> <span class='ocrx_word' id='word_1_20' title='bbox 1031 388 1140 441; x_wconf 41' lang='lat' dir='ltr'>eslf)</span> 
     </span>
    </p>

    <p class='ocr_par' dir='ltr' id='par_1_3' title="bbox 254 456 1776 782">
     <span class='ocr_line' id='line_1_4' title="bbox 366 456 1774 500; baseline -0.004 0"><span class='ocrx_word' id='word_1_21' title='bbox 366 462 495 500; x_wconf 86' lang='lat' dir='ltr'>Filum</span> <span class='ocrx_word' id='word_1_22' title='bbox 527 466 658 499; x_wconf 79' lang='lat' dir='ltr'>aulem</span> <span class='ocrx_word' id='word_1_23' title='bbox 691 461 884 499; x_wconf 82' lang='lat' dir='ltr'>orationis</span> <span class='ocrx_word' id='word_1_24' title='bbox 916 459 1018 498; x_wconf 85' lang='lat' dir='ltr'>idem</span> <span class='ocrx_word' id='word_1_25' title='bbox 1052 460 1135 498; x_wconf 76' lang='lat' dir='ltr'>fere</span> <span class='ocrx_word' id='word_1_26' title='bbox 1169 463 1253 497; x_wconf 87' lang='lat' dir='ltr'>erat</span> <span class='ocrx_word' id='word_1_27' title='bbox 1284 458 1404 497; x_wconf 82' lang='lat' dir='ltr'>etiam</span> <span class='ocrx_word' id='word_1_28' title='bbox 1436 458 1477 496; x_wconf 90' lang='lat' dir='ltr'>in</span> <span class='ocrx_word' id='word_1_29' title='bbox 1510 457 1619 495; x_wconf 87' lang='lat' dir='ltr'>hisce</span> <span class='ocrx_word' id='word_1_30' title='bbox 1653 456 1774 495; x_wconf 81' lang='lat' dir='ltr'>histo—</span> 
     </span>
     <span class='ocr_line' id='line_1_5' title="bbox 256 525 1776 580; baseline -0.003 -12"><span class='ocrx_word' id='word_1_31' title='bbox 256 532 325 568; x_wconf 77' lang='lat' dir='ltr'>riis</span> <span class='ocrx_word' id='word_1_32' title='bbox 357 529 459 580; x_wconf 76' lang='grc' dir='ltr'>ιμιοι]</span> <span class='ocrx_word' id='word_1_33' title='bbox 493 531 533 567; x_wconf 93' lang='lat' dir='ltr'>in</span> <span class='ocrx_word' id='word_1_34' title='bbox 565 528 775 567; x_wconf 73' lang='lat' dir='ltr'>annalibus</span> <span class='ocrx_word' id='word_1_35' title='bbox 808 527 995 579; x_wconf 86' lang='lat' dir='ltr'>publicis,</span> <span class='ocrx_word' id='word_1_36' title='bbox 1029 538 1198 578; x_wconf 84' lang='lat' dir='ltr'>quorum</span> <span class='ocrx_word' id='word_1_37' title='bbox 1229 526 1390 565; x_wconf 75' lang='lat' dir='ltr'>siccitas</span> <span class='ocrx_word' id='word_1_38' title='bbox 1421 526 1552 576; x_wconf 87' lang='lat' dir='ltr'>prima</span> <span class='ocrx_word' id='word_1_39' title='bbox 1582 525 1776 564; x_wconf 78' lang='lat' dir='ltr'><strong>historiae</strong></span> 
     </span>
     <span class='ocr_line' id='line_1_6' title="bbox 256 592 1776 646; baseline -0.003 -11"><span class='ocrx_word' id='word_1_40' title='bbox 256 599 451 636; x_wconf 73' lang='lat' dir='ltr'>Romanae</span> <span class='ocrx_word' id='word_1_41' title='bbox 485 602 611 635; x_wconf 75' lang='lat' dir='ltr'>aetate</span> <span class='ocrx_word' id='word_1_42' title='bbox 643 609 720 634; x_wconf 86' lang='lat' dir='ltr'>non</span> <span class='ocrx_word' id='word_1_43' title='bbox 753 596 839 634; x_wconf 85' lang='lat' dir='ltr'>data</span> <span class='ocrx_word' id='word_1_44' title='bbox 873 606 994 646; x_wconf 85' lang='lat' dir='ltr'>opera</span> <span class='ocrx_word' id='word_1_45' title='bbox 1033 606 1104 645; x_wconf 83' lang='lat' dir='ltr'>per</span> <span class='ocrx_word' id='word_1_46' title='bbox 1149 605 1287 632; x_wconf 84' lang='lat' dir='ltr'>omnes</span> <span class='ocrx_word' id='word_1_47' title='bbox 1333 592 1599 644; x_wconf 75' lang='lat' dir='ltr'>aequabiliter</span> <span class='ocrx_word' id='word_1_48' title='bbox 1644 596 1776 644; x_wconf 83' lang='lat' dir='ltr'>partes</span> 
     </span>
     <span class='ocr_line' id='line_1_7' title="bbox 254 660 1775 716; baseline -0.002 -15"><span class='ocrx_word' id='word_1_49' title='bbox 254 665 321 703; x_wconf 65' lang='lat' dir='ltr'>sed</span> <span class='ocrx_word' id='word_1_50' title='bbox 364 665 552 716; x_wconf 77' lang='lat' dir='ltr'>paulatini</span> <span class='ocrx_word' id='word_1_51' title='bbox 591 664 656 703; x_wconf 86' lang='lat' dir='ltr'>bic</span> <span class='ocrx_word' id='word_1_52' title='bbox 696 663 780 701; x_wconf 82' lang='lat' dir='ltr'>illic</span> <span class='ocrx_word' id='word_1_53' title='bbox 822 663 889 701; x_wconf 93' lang='lat' dir='ltr'>ubi</span> <span class='ocrx_word' id='word_1_54' title='bbox 928 675 1042 701; x_wconf 83' lang='lat' dir='ltr'>casus</span> <span class='ocrx_word' id='word_1_55' title='bbox 1087 662 1201 714; x_wconf 87' lang='lat' dir='ltr'>plura</span> <span class='ocrx_word' id='word_1_56' title='bbox 1247 660 1498 713; x_wconf 76' lang='lat' dir='ltr'>suggerebat,</span> <span class='ocrx_word' id='word_1_57' title='bbox 1546 660 1775 699; x_wconf 75' lang='lat' dir='ltr'>narratione</span> 
     </span>
     <span class='ocr_line' id='line_1_8' title="bbox 257 730 1312 782; baseline -0.001 -13"><span class='ocrx_word' id='word_1_58' title='bbox 257 733 443 771; x_wconf 72' lang='lat' dir='ltr'>uberiore</span> <span class='ocrx_word' id='word_1_59' title='bbox 475 737 507 770; x_wconf 81' lang='lat' dir='ltr'>et</span> <span class='ocrx_word' id='word_1_60' title='bbox 544 732 795 771; x_wconf 79' lang='lat' dir='ltr'>adcuratiorc</span> <span class='ocrx_word' id='word_1_61' title='bbox 828 730 988 769; x_wconf 85' lang='lat' dir='ltr'>uidetur</span> <span class='ocrx_word' id='word_1_62' title='bbox 1019 743 1105 769; x_wconf 82' lang='lat' dir='ltr'>esse</span> <span class='ocrx_word' id='word_1_63' title='bbox 1137 730 1312 782; x_wconf 83' lang='lat' dir='ltr'>expulsa.</span> 
     </span>
    </p>

    <p class='ocr_par' dir='ltr' id='par_1_4' title="bbox 255 796 1809 1325">
     <span class='ocr_line' id='line_1_9' title="bbox 366 796 1776 853; baseline -0.002 -15"><span class='ocrx_word' id='word_1_64' title='bbox 366 800 542 850; x_wconf 72' lang='lat' dir='ltr'>Denique</span> <span class='ocrx_word' id='word_1_65' title='bbox 576 805 615 838; x_wconf 87' lang='lat' dir='ltr'>ut</span> <span class='ocrx_word' id='word_1_66' title='bbox 648 799 764 838; x_wconf 88' lang='lat' dir='ltr'>breui</span> <span class='ocrx_word' id='word_1_67' title='bbox 796 798 1167 853; x_wconf 72' lang='lat' dir='ltr'>conprehendaimls</span> <span class='ocrx_word' id='word_1_68' title='bbox 1189 810 1288 849; x_wconf 88' lang='lat' dir='ltr'>quae</span> <span class='ocrx_word' id='word_1_69' title='bbox 1311 798 1588 842; x_wconf 81' lang='lat' dir='ltr'>disseruimus,</span> <span class='ocrx_word' id='word_1_70' title='bbox 1611 809 1658 836; x_wconf 89' lang='lat' dir='ltr'>ex</span> <span class='ocrx_word' id='word_1_71' title='bbox 1680 796 1776 835; x_wconf 83' lang='lat' dir='ltr'>duo-</span> 
     </span>
     <span class='ocr_line' id='line_1_10' title="bbox 257 865 1776 910; baseline -0.002 -4"><span class='ocrx_word' id='word_1_72' title='bbox 257 868 329 906; x_wconf 66' lang='lat' dir='ltr'>bus</span> <span class='ocrx_word' id='word_1_73' title='bbox 362 869 488 906; x_wconf 74' lang='lat' dir='ltr'>iuitiis</span> <span class='ocrx_word' id='word_1_74' title='bbox 520 880 699 906; x_wconf 69' lang='lat' dir='ltr'>exossam</span> <span class='ocrx_word' id='word_1_75' title='bbox 731 880 817 906; x_wconf 73' lang='lat' dir='ltr'>esse</span> <span class='ocrx_word' id='word_1_76' title='bbox 849 868 1059 905; x_wconf 78' lang='lat' dir='ltr'>historiam</span> <span class='ocrx_word' id='word_1_77' title='bbox 1090 867 1307 905; x_wconf 83' lang='lat' dir='ltr'>Romanam</span> <span class='ocrx_word' id='word_1_78' title='bbox 1338 865 1536 910; x_wconf 86' lang='lat' dir='ltr'>uidimus,</span> <span class='ocrx_word' id='word_1_79' title='bbox 1577 877 1624 903; x_wconf 90' lang='lat' dir='ltr'>ex</span> <span class='ocrx_word' id='word_1_80' title='bbox 1655 877 1776 904; x_wconf 84' lang='lat' dir='ltr'>anna-</span> 
     </span>
     <span class='ocr_line' id='line_1_11' title="bbox 258 933 1809 986; baseline -0.001 -13"><span class='ocrx_word' id='word_1_81' title='bbox 258 935 363 973; x_wconf 71' lang='lat' dir='ltr'>libus</span> <span class='ocrx_word' id='word_1_82' title='bbox 385 935 562 986; x_wconf 78' lang='lat' dir='ltr'>publicis</span> <span class='ocrx_word' id='word_1_83' title='bbox 585 942 621 973; x_wconf 79' lang='lat' dir='ltr'>ct</span> <span class='ocrx_word' id='word_1_84' title='bbox 645 948 690 973; x_wconf 80' lang='lat' dir='ltr'>ex</span> <span class='ocrx_word' id='word_1_85' title='bbox 714 936 1001 974; x_wconf 76' lang='lat' dir='ltr'>cmnnentariis</span> <span class='ocrx_word' id='word_1_86' title='bbox 1023 935 1203 985; x_wconf 81' lang='lat' dir='ltr'>gentium</span> <span class='ocrx_word' id='word_1_87' title='bbox 1225 934 1494 973; x_wconf 87' lang='lat' dir='ltr'>Romanarum</span> <span class='ocrx_word' id='word_1_88' title='bbox 1516 934 1699 985; x_wconf 84' lang='lat' dir='ltr'>priuatis,</span> <span class='ocrx_word' id='word_1_89' title='bbox 1724 933 1777 972; x_wconf 85' lang='lat' dir='ltr'>ita</span> <span class='ocrx_word' id='word_1_90' title='bbox 1802 949 1809 955; x_wconf 93' lang='lat'>·</span> 
     </span>
     <span class='ocr_line' id='line_1_12' title="bbox 257 1002 1778 1055; baseline -0.001 -14"><span class='ocrx_word' id='word_1_91' title='bbox 257 1011 400 1043; x_wconf 74' lang='lat' dir='ltr'>[anien.</span> <span class='ocrx_word' id='word_1_92' title='bbox 436 1010 473 1041; x_wconf 79' lang='grc' dir='ltr'>ιιι</span> <span class='ocrx_word' id='word_1_93' title='bbox 498 1004 588 1055; x_wconf 77' lang='lat' dir='ltr'>plus</span> <span class='ocrx_word' id='word_1_94' title='bbox 612 1004 786 1042; x_wconf 78' lang='lat' dir='ltr'>ualerent</span> <span class='ocrx_word' id='word_1_95' title='bbox 812 1005 1045 1055; x_wconf 79' lang='lat' dir='ltr'>pontificum</span> <span class='ocrx_word' id='word_1_96' title='bbox 1068 1002 1241 1046; x_wconf 79' lang='lat' dir='ltr'>annales,</span> <span class='ocrx_word' id='word_1_97' title='bbox 1275 1003 1420 1053; x_wconf 83' lang='lat' dir='ltr'>quippe</span> <span class='ocrx_word' id='word_1_98' title='bbox 1453 1002 1521 1053; x_wconf 85' lang='lat' dir='ltr'>qui</span> <span class='ocrx_word' id='word_1_99' title='bbox 1553 1013 1690 1040; x_wconf 89' lang='lat' dir='ltr'>omnes</span> <span class='ocrx_word' id='word_1_100' title='bbox 1713 1013 1778 1039; x_wconf 92' lang='lat' dir='ltr'>res</span> 
     </span>
     <span class='ocr_line' id='line_1_13' title="bbox 259 1070 1776 1122; baseline -0.001 -14"><span class='ocrx_word' id='word_1_101' title='bbox 259 1072 454 1109; x_wconf 72' lang='lat' dir='ltr'>Romanas</span> <span class='ocrx_word' id='word_1_102' title='bbox 485 1071 846 1122; x_wconf 75' lang='lat' dir='ltr'>conplecterentur,</span> <span class='ocrx_word' id='word_1_103' title='bbox 897 1070 1043 1122; x_wconf 80' lang='lat' dir='ltr'>quibus</span> <span class='ocrx_word' id='word_1_104' title='bbox 1088 1071 1200 1122; x_wconf 83' lang='lat' dir='ltr'>quasi</span> <span class='ocrx_word' id='word_1_105' title='bbox 1246 1082 1318 1121; x_wconf 88' lang='lat' dir='ltr'>per</span> <span class='ocrx_word' id='word_1_106' title='bbox 1364 1081 1557 1108; x_wconf 82' lang='lat' dir='ltr'>excursus</span> <span class='ocrx_word' id='word_1_107' title='bbox 1596 1070 1776 1119; x_wconf 81' lang='lat' dir='ltr'>gentium</span> 
     </span>
     <span class='ocr_line' id='line_1_14' title="bbox 256 1136 1775 1190; baseline 0.001 -16"><span class='ocrx_word' id='word_1_108' title='bbox 256 1139 501 1189; x_wconf 71' lang='lat' dir='ltr'>‹uiarundam</span> <span class='ocrx_word' id='word_1_109' title='bbox 536 1151 599 1178; x_wconf 73' lang='lat' dir='ltr'>res</span> <span class='ocrx_word' id='word_1_110' title='bbox 630 1141 791 1190; x_wconf 74' lang='lat' dir='ltr'>copiose</span> <span class='ocrx_word' id='word_1_111' title='bbox 823 1144 1028 1177; x_wconf 71' lang='lat' dir='ltr'>enarratae</span> <span class='ocrx_word' id='word_1_112' title='bbox 1069 1140 1364 1181; x_wconf 79' lang='lat' dir='ltr'>insererentur,</span> <span class='ocrx_word' id='word_1_113' title='bbox 1406 1142 1523 1189; x_wconf 83' lang='lat' dir='ltr'>atque</span> <span class='ocrx_word' id='word_1_114' title='bbox 1563 1141 1651 1188; x_wconf 81' lang='lat' dir='ltr'>post</span> <span class='ocrx_word' id='word_1_115' title='bbox 1689 1136 1775 1176; x_wconf 90' lang='lat' dir='ltr'>lon-</span> 
     </span>
     <span class='ocr_line' id='line_1_15' title="bbox 255 1204 1775 1258; baseline -0.001 -14"><span class='ocrx_word' id='word_1_116' title='bbox 255 1219 347 1253; x_wconf 65' lang='lat' dir='ltr'>gum</span> <span class='ocrx_word' id='word_1_117' title='bbox 379 1207 535 1245; x_wconf 67' lang='lat' dir='ltr'>demum</span> <span class='ocrx_word' id='word_1_118' title='bbox 567 1212 721 1258; x_wconf 75' lang='lat' dir='ltr'>teinpus</span> <span class='ocrx_word' id='word_1_119' title='bbox 761 1207 927 1245; x_wconf 81' lang='lat' dir='ltr'>historia</span> <span class='ocrx_word' id='word_1_120' title='bbox 959 1207 1134 1245; x_wconf 83' lang='lat' dir='ltr'>Romana</span> <span class='ocrx_word' id='word_1_121' title='bbox 1173 1206 1291 1245; x_wconf 88' lang='lat' dir='ltr'>huius</span> <span class='ocrx_word' id='word_1_122' title='bbox 1332 1206 1501 1255; x_wconf 84' lang='lat' dir='ltr'>originis</span> <span class='ocrx_word' id='word_1_123' title='bbox 1540 1217 1585 1243; x_wconf 87' lang='lat' dir='ltr'>ex</span> <span class='ocrx_word' id='word_1_124' title='bbox 1617 1204 1775 1256; x_wconf 76' lang='lat' dir='ltr'>pontiti-</span> 
     </span>
     <span class='ocr_line' id='line_1_16' title="bbox 256 1275 1245 1325; baseline -0.001 -12"><span class='ocrx_word' id='word_1_125' title='bbox 256 1287 345 1313; x_wconf 82' lang='lat' dir='ltr'>cum</span> <span class='ocrx_word' id='word_1_126' title='bbox 379 1275 537 1313; x_wconf 81' lang='lat' dir='ltr'>officina</span> <span class='ocrx_word' id='word_1_127' title='bbox 571 1276 771 1325; x_wconf 82' lang='lat' dir='ltr'>profectae</span> <span class='ocrx_word' id='word_1_128' title='bbox 805 1275 966 1313; x_wconf 84' lang='lat' dir='ltr'>indiciis</span> <span class='ocrx_word' id='word_1_129' title='bbox 997 1287 1037 1313; x_wconf 87' lang='lat' dir='ltr'>se</span> <span class='ocrx_word' id='word_1_130' title='bbox 1070 1278 1245 1313; x_wconf 85' lang='lat' dir='ltr'>exueret.</span> 
     </span>
    </p>
   </div>
   <div class='ocr_carea' id='block_1_3' title="bbox 256 1430 1779 1587">
    <p class='ocr_par' dir='ltr' id='par_1_5' title="bbox 256 1430 1779 1587">
     <span class='ocr_line' id='line_1_17' title="bbox 349 1430 1777 1474; baseline 0 -12"><span class='ocrx_word' id='word_1_131' title='bbox 349 1430 371 1470; x_wconf 90' lang='lat'>¹)</span> <span class='ocrx_word' id='word_1_132' title='bbox 398 1432 500 1471; x_wconf 81' lang='lat' dir='ltr'>Quae</span> <span class='ocrx_word' id='word_1_133' title='bbox 528 1435 563 1463; x_wconf 78' lang='lat' dir='ltr'>et</span> <span class='ocrx_word' id='word_1_134' title='bbox 588 1432 646 1464; x_wconf 86' lang='lat' dir='ltr'>hic</span> <span class='ocrx_word' id='word_1_135' title='bbox 673 1436 710 1464; x_wconf 83' lang='lat' dir='ltr'>et</span> <span class='ocrx_word' id='word_1_136' title='bbox 736 1433 773 1464; x_wconf 86' lang='lat' dir='ltr'>in</span> <span class='ocrx_word' id='word_1_137' title='bbox 798 1432 913 1473; x_wconf 85' lang='lat' dir='ltr'>inseq.</span> <span class='ocrx_word' id='word_1_138' title='bbox 941 1432 1064 1474; x_wconf 82' lang='lat' dir='ltr'>eapite</span> <span class='ocrx_word' id='word_1_139' title='bbox 1084 1431 1271 1464; x_wconf 85' lang='lat' dir='ltr'>desideras</span> <span class='ocrx_word' id='word_1_140' title='bbox 1296 1431 1521 1470; x_wconf 82' lang='lat' dir='ltr'>testimonia,</span> <span class='ocrx_word' id='word_1_141' title='bbox 1548 1430 1715 1462; x_wconf 87' lang='lat' dir='ltr'>inuenies</span> <span class='ocrx_word' id='word_1_142' title='bbox 1739 1430 1777 1462; x_wconf 90' lang='lat' dir='ltr'>in</span> 
     </span>
     <span class='ocr_line' id='line_1_18' title="bbox 256 1478 1779 1530; baseline 0 -12"><span class='ocrx_word' id='word_1_143' title='bbox 256 1488 527 1528; x_wconf 76' lang='lat' dir='ltr'>conmentariis,</span> <span class='ocrx_word' id='word_1_144' title='bbox 555 1488 686 1530; x_wconf 84' lang='lat' dir='ltr'>quibus</span> <span class='ocrx_word' id='word_1_145' title='bbox 712 1491 841 1530; x_wconf 82' lang='lat' dir='ltr'>postea</span> <span class='ocrx_word' id='word_1_146' title='bbox 868 1489 977 1520; x_wconf 87' lang='lat' dir='ltr'>unius</span> <span class='ocrx_word' id='word_1_147' title='bbox 1012 1488 1188 1530; x_wconf 74' lang='lat' dir='ltr'>cuiusque</span> <span class='ocrx_word' id='word_1_148' title='bbox 1214 1487 1401 1530; x_wconf 85' lang='lat' dir='ltr'>scriptoris</span> <span class='ocrx_word' id='word_1_149' title='bbox 1433 1488 1547 1518; x_wconf 80' lang='lat' dir='ltr'>uitam</span> <span class='ocrx_word' id='word_1_150' title='bbox 1574 1490 1612 1518; x_wconf 82' lang='lat' dir='ltr'>et</span> <span class='ocrx_word' id='word_1_151' title='bbox 1638 1478 1779 1529; x_wconf 61' lang='lat' dir='ltr'>scripta</span> 
     </span>
     <span class='ocr_line' id='line_1_19' title="bbox 258 1543 1775 1587; baseline 0.002 -16"><span class='ocrx_word' id='word_1_152' title='bbox 258 1553 524 1584; x_wconf 70' lang='lat' dir='ltr'>persequemur,</span> <span class='ocrx_word' id='word_1_153' title='bbox 559 1545 620 1577; x_wconf 86' lang='lat' dir='ltr'>ubi</span> <span class='ocrx_word' id='word_1_154' title='bbox 648 1555 740 1586; x_wconf 83' lang='lat' dir='ltr'>quae</span> <span class='ocrx_word' id='word_1_155' title='bbox 767 1545 828 1578; x_wconf 82' lang='lat' dir='ltr'>hic</span> <span class='ocrx_word' id='word_1_156' title='bbox 853 1545 978 1587; x_wconf 86' lang='lat' dir='ltr'>primis</span> <span class='ocrx_word' id='word_1_157' title='bbox 1003 1544 1110 1577; x_wconf 86' lang='lat' dir='ltr'>lineis</span> <span class='ocrx_word' id='word_1_158' title='bbox 1137 1543 1357 1576; x_wconf 78' lang='lat' dir='ltr'>adumbrata</span> <span class='ocrx_word' id='word_1_159' title='bbox 1383 1547 1470 1575; x_wconf 79' lang='lat' dir='ltr'>sunt</span> <span class='ocrx_word' id='word_1_160' title='bbox 1496 1543 1775 1575; x_wconf 85' lang='lat' dir='ltr'>enarrabuntur.</span> 
     </span>
    </p>
   </div>
   <div class='ocr_carea' id='block_1_4' title="bbox 1882 1667 1884 2202">
    <p class='ocr_par' dir='ltr' id='par_1_6' title="bbox 1882 1667 1884 2202">
     <span class='ocr_line' id='line_1_20' title="bbox 1882 1667 1884 2202; baseline 0 0"><span class='ocrx_word' id='word_1_161' title='bbox 1882 1667 1884 2202; x_wconf 95' lang='lat' dir='ltr'> </span> 
     </span>
    </p>
   </div>
  </div>
 </body>
</html>
