<?xml version="1.0" encoding="UTF-8"?>
<!DOCTYPE html PUBLIC "-//W3C//DTD XHTML 1.0 Transitional//EN"
    "http://www.w3.org/TR/xhtml1/DTD/xhtml1-transitional.dtd">
<html xmlns="http://www.w3.org/1999/xhtml" xml:lang="en" lang="en">
 <head>
  <title>
</title>
<meta http-equiv="Content-Type" content="text/html;charset=utf-8" />
  <meta name='ocr-system' content='tesseract 3.04.00' />
  <meta name='ocr-capabilities' content='ocr_page ocr_carea ocr_par ocr_line ocrx_word'/>
</head>
<body>
  <div class='ocr_page' id='page_1' title='image "./veterumhistorico01peteuoft_0353.png"; bbox 0 0 1884 3213; ppageno 0'>
   <div class='ocr_carea' id='block_1_1' title="bbox 558 206 1606 247">
    <p class='ocr_par' dir='ltr' id='par_1_1' title="bbox 558 206 1606 247">
     <span class='ocr_line' id='line_1_1' title="bbox 558 206 1606 247; baseline 0.006 -9"><span class='ocrx_word' id='word_1_1' title='bbox 558 207 601 241; x_wconf 87' lang='lat' dir='ltr'>L,</span> <span class='ocrx_word' id='word_1_2' title='bbox 627 206 902 240; x_wconf 84' lang='lat' dir='ltr'>CORNELIVS</span> <span class='ocrx_word' id='word_1_3' title='bbox 928 206 1128 239; x_wconf 82' lang='lat' dir='ltr'>SISENNA</span> <span class='ocrx_word' id='word_1_4' title='bbox 1349 217 1606 247; x_wconf 74' lang='lat' dir='ltr'>CCCXXVIIH</span> 
     </span>
    </p>
   </div>
   <div class='ocr_carea' id='block_1_2' title="bbox 52 319 1613 2802">
    <p class='ocr_par' dir='ltr' id='par_1_2' title="bbox 83 319 1611 982">
     <span class='ocr_line' id='line_1_2' title="bbox 83 319 1609 373; baseline 0.001 -13"><span class='ocrx_word' id='word_1_5' title='bbox 83 333 168 360; x_wconf 90' lang='lat' dir='ltr'>esse</span> <span class='ocrx_word' id='word_1_6' title='bbox 199 324 371 372; x_wconf 89' lang='lat' dir='ltr'>poterat,</span> <span class='ocrx_word' id='word_1_7' title='bbox 412 325 454 358; x_wconf 88' lang='lat' dir='ltr'>ut</span> <span class='ocrx_word' id='word_1_8' title='bbox 486 332 531 358; x_wconf 87' lang='lat' dir='ltr'>ex</span> <span class='ocrx_word' id='word_1_9' title='bbox 564 319 703 361; x_wconf 81' lang='lat' dir='ltr'>rebus,</span> <span class='ocrx_word' id='word_1_10' title='bbox 747 333 846 372; x_wconf 85' lang='lat' dir='ltr'>quae</span> <span class='ocrx_word' id='word_1_11' title='bbox 887 320 1195 366; x_wconf 74' lang='lat' dir='ltr'>antecedebant,</span> <span class='ocrx_word' id='word_1_12' title='bbox 1237 321 1338 360; x_wconf 86' lang='lat' dir='ltr'>hanc</span> <span class='ocrx_word' id='word_1_13' title='bbox 1377 324 1609 373; x_wconf 75' lang='lat' dir='ltr'>opinionem</span> 
     </span>
     <span class='ocr_line' id='line_1_3' title="bbox 84 387 1608 440; baseline 0 -12"><span class='ocrx_word' id='word_1_14' title='bbox 84 389 221 428; x_wconf 85' lang='lat' dir='ltr'>falsam</span> <span class='ocrx_word' id='word_1_15' title='bbox 253 400 338 426; x_wconf 86' lang='lat' dir='ltr'>esse</span> <span class='ocrx_word' id='word_1_16' title='bbox 370 387 659 427; x_wconf 76' lang='lat' dir='ltr'>demonstraret</span> <span class='ocrx_word' id='word_1_17' title='bbox 681 388 877 439; x_wconf 75' lang='lat' dir='ltr'>altiusque</span> <span class='ocrx_word' id='word_1_18' title='bbox 910 400 973 427; x_wconf 87' lang='lat' dir='ltr'>res</span> <span class='ocrx_word' id='word_1_19' title='bbox 997 393 1208 440; x_wconf 81' lang='lat' dir='ltr'>repeteret.</span> <span class='ocrx_word' id='word_1_20' title='bbox 1254 394 1369 440; x_wconf 80' lang='lat' dir='ltr'>atque</span> <span class='ocrx_word' id='word_1_21' title='bbox 1403 390 1469 429; x_wconf 88' lang='lat' dir='ltr'>ille</span> <span class='ocrx_word' id='word_1_22' title='bbox 1501 390 1608 428; x_wconf 79' lang='lat' dir='ltr'>solus</span> 
     </span>
     <span class='ocr_line' id='line_1_4' title="bbox 83 455 1609 507; baseline 0.001 -13"><span class='ocrx_word' id='word_1_23' title='bbox 83 456 200 494; x_wconf 91' lang='lat' dir='ltr'>Nonii</span> <span class='ocrx_word' id='word_1_24' title='bbox 232 455 363 499; x_wconf 86' lang='lat' dir='ltr'>locus,</span> <span class='ocrx_word' id='word_1_25' title='bbox 405 457 586 506; x_wconf 87' lang='lat' dir='ltr'>quamuis</span> <span class='ocrx_word' id='word_1_26' title='bbox 626 457 658 494; x_wconf 83' lang='lat' dir='ltr'>is</span> <span class='ocrx_word' id='word_1_27' title='bbox 699 456 869 506; x_wconf 80' lang='lat' dir='ltr'>diligens</span> <span class='ocrx_word' id='word_1_28' title='bbox 909 468 993 494; x_wconf 96' lang='grc'>0350</span> <span class='ocrx_word' id='word_1_29' title='bbox 1033 456 1266 507; x_wconf 73' lang='lat' dir='ltr'>plerumque</span> <span class='ocrx_word' id='word_1_30' title='bbox 1306 457 1430 495; x_wconf 80' lang='lat' dir='ltr'>soleat</span> <span class='ocrx_word' id='word_1_31' title='bbox 1471 459 1511 495; x_wconf 86' lang='lat' dir='ltr'>in</span> <span class='ocrx_word' id='word_1_32' title='bbox 1549 458 1609 496; x_wconf 92' lang='lat' dir='ltr'>in-</span> 
     </span>
     <span class='ocr_line' id='line_1_5' title="bbox 83 522 1609 575; baseline -0.001 -13"><span class='ocrx_word' id='word_1_33' title='bbox 83 522 370 575; x_wconf 70' lang='lat' dir='ltr'>scriptionibus</span> <span class='ocrx_word' id='word_1_34' title='bbox 412 523 638 568; x_wconf 78' lang='lat' dir='ltr'>laudandis,</span> <span class='ocrx_word' id='word_1_35' title='bbox 688 524 754 561; x_wconf 79' lang='lat' dir='ltr'>uix</span> <span class='ocrx_word' id='word_1_36' title='bbox 793 536 865 562; x_wconf 92' lang='lat' dir='ltr'>nos</span> <span class='ocrx_word' id='word_1_37' title='bbox 903 530 1016 573; x_wconf 82' lang='lat' dir='ltr'>coget</span> <span class='ocrx_word' id='word_1_38' title='bbox 1064 524 1304 574; x_wconf 83' lang='lat' dir='ltr'>peculiarem</span> <span class='ocrx_word' id='word_1_39' title='bbox 1354 525 1501 563; x_wconf 90' lang='lat' dir='ltr'>librum</span> <span class='ocrx_word' id='word_1_40' title='bbox 1538 524 1609 563; x_wconf 67' lang='lat' dir='ltr'>eab</span> 
     </span>
     <span class='ocr_line' id='line_1_6' title="bbox 84 590 1610 642; baseline 0.001 -13"><span class='ocrx_word' id='word_1_41' title='bbox 84 591 182 630; x_wconf 89' lang='lat' dir='ltr'>urbe</span> <span class='ocrx_word' id='word_1_42' title='bbox 215 590 396 629; x_wconf 84' lang='lat' dir='ltr'>condita&#39;</span> <span class='ocrx_word' id='word_1_43' title='bbox 428 603 447 629; x_wconf 89' lang='lat' dir='ltr'>a</span> <span class='ocrx_word' id='word_1_44' title='bbox 471 590 636 629; x_wconf 79' lang='lat' dir='ltr'>Sisenna</span> <span class='ocrx_word' id='word_1_45' title='bbox 669 593 919 642; x_wconf 87' lang='lat' dir='ltr'>conpositum</span> <span class='ocrx_word' id='word_1_46' title='bbox 953 603 1037 629; x_wconf 86' lang='lat' dir='ltr'>esse</span> <span class='ocrx_word' id='word_1_47' title='bbox 1068 593 1309 630; x_wconf 80' lang='lat' dir='ltr'>existimare.</span> <span class='ocrx_word' id='word_1_48' title='bbox 1355 592 1470 631; x_wconf 75' lang='lat' dir='ltr'>facile</span> <span class='ocrx_word' id='word_1_49' title='bbox 1503 594 1610 630; x_wconf 86' lang='lat' dir='ltr'>enim</span> 
     </span>
     <span class='ocr_line' id='line_1_7' title="bbox 84 658 1606 710; baseline 0 -12"><span class='ocrx_word' id='word_1_50' title='bbox 84 665 150 698; x_wconf 89' lang='lat' dir='ltr'>aut</span> <span class='ocrx_word' id='word_1_51' title='bbox 182 658 333 697; x_wconf 86' lang='lat' dir='ltr'>Nonius</span> <span class='ocrx_word' id='word_1_52' title='bbox 365 664 451 702; x_wconf 88' lang='lat' dir='ltr'>aut,</span> <span class='ocrx_word' id='word_1_53' title='bbox 485 660 519 697; x_wconf 89' lang='lat' dir='ltr'>si</span> <span class='ocrx_word' id='word_1_54' title='bbox 551 660 698 703; x_wconf 88' lang='lat' dir='ltr'>mauis,</span> <span class='ocrx_word' id='word_1_55' title='bbox 732 660 815 709; x_wconf 91' lang='lat' dir='ltr'>ipse</span> <span class='ocrx_word' id='word_1_56' title='bbox 848 658 1015 697; x_wconf 83' lang='lat' dir='ltr'>Sisenna</span> <span class='ocrx_word' id='word_1_57' title='bbox 1048 659 1306 697; x_wconf 80' lang='lat' dir='ltr'>historiarum</span> <span class='ocrx_word' id='word_1_58' title='bbox 1345 659 1493 698; x_wconf 87' lang='lat' dir='ltr'>librum</span> <span class='ocrx_word' id='word_1_59' title='bbox 1527 661 1606 710; x_wconf 90' lang='lat' dir='ltr'>pri-</span> 
     </span>
     <span class='ocr_line' id='line_1_8' title="bbox 84 726 1610 778; baseline 0 -13"><span class='ocrx_word' id='word_1_60' title='bbox 84 739 190 765; x_wconf 90' lang='lat' dir='ltr'>mum</span> <span class='ocrx_word' id='word_1_61' title='bbox 221 731 383 778; x_wconf 87' lang='lat' dir='ltr'>propter</span> <span class='ocrx_word' id='word_1_62' title='bbox 410 738 487 771; x_wconf 86' lang='lat' dir='ltr'>res,</span> <span class='ocrx_word' id='word_1_63' title='bbox 520 738 622 777; x_wconf 86' lang='lat' dir='ltr'>quae</span> <span class='ocrx_word' id='word_1_64' title='bbox 647 726 967 771; x_wconf 78' lang='lat' dir='ltr'>continebantur,</span> <span class='ocrx_word' id='word_1_65' title='bbox 1005 728 1062 765; x_wconf 88' lang='lat' dir='ltr'>sic</span> <span class='ocrx_word' id='word_1_66' title='bbox 1094 727 1293 777; x_wconf 88' lang='lat' dir='ltr'>appellare</span> <span class='ocrx_word' id='word_1_67' title='bbox 1325 729 1467 778; x_wconf 75' lang='lat' dir='ltr'>potuit.</span> <span class='ocrx_word' id='word_1_68' title='bbox 1520 740 1610 766; x_wconf 89' lang='lat' dir='ltr'>nam</span> 
     </span>
     <span class='ocr_line' id='line_1_9' title="bbox 84 793 1610 845; baseline 0.001 -14"><span class='ocrx_word' id='word_1_69' title='bbox 84 796 203 833; x_wconf 75' lang='lat' dir='ltr'>etiam</span> <span class='ocrx_word' id='word_1_70' title='bbox 235 794 309 832; x_wconf 87' lang='lat' dir='ltr'>alia</span> <span class='ocrx_word' id='word_1_71' title='bbox 341 795 425 832; x_wconf 88' lang='lat' dir='ltr'>eius</span> <span class='ocrx_word' id='word_1_72' title='bbox 458 793 561 845; x_wconf 89' lang='lat' dir='ltr'>apud</span> <span class='ocrx_word' id='word_1_73' title='bbox 592 793 806 832; x_wconf 85' lang='lat' dir='ltr'>historicos</span> <span class='ocrx_word' id='word_1_74' title='bbox 838 796 961 833; x_wconf 89' lang='lat' dir='ltr'>moris</span> <span class='ocrx_word' id='word_1_75' title='bbox 993 794 1170 845; x_wconf 85' lang='lat' dir='ltr'>exempla</span> <span class='ocrx_word' id='word_1_76' title='bbox 1203 794 1415 839; x_wconf 88' lang='lat' dir='ltr'>habenms,</span> <span class='ocrx_word' id='word_1_77' title='bbox 1456 800 1497 833; x_wconf 88' lang='lat' dir='ltr'>ut</span> <span class='ocrx_word' id='word_1_78' title='bbox 1529 796 1610 833; x_wconf 88' lang='lat' dir='ltr'>sin-</span> 
     </span>
     <span class='ocr_line' id='line_1_10' title="bbox 83 861 1611 914; baseline 0 -14"><span class='ocrx_word' id='word_1_79' title='bbox 83 862 196 912; x_wconf 79' lang='lat' dir='ltr'>gulos</span> <span class='ocrx_word' id='word_1_80' title='bbox 228 861 418 913; x_wconf 84' lang='lat' dir='ltr'>quosdam</span> <span class='ocrx_word' id='word_1_81' title='bbox 450 861 575 900; x_wconf 86' lang='lat' dir='ltr'>libros</span> <span class='ocrx_word' id='word_1_82' title='bbox 606 861 801 912; x_wconf 83' lang='lat' dir='ltr'>peculiari</span> <span class='ocrx_word' id='word_1_83' title='bbox 834 863 1097 913; x_wconf 83' lang='lat' dir='ltr'>inscriptione</span> <span class='ocrx_word' id='word_1_84' title='bbox 1121 863 1374 913; x_wconf 81' lang='lat' dir='ltr'>insignirent.</span> <span class='ocrx_word' id='word_1_85' title='bbox 1417 864 1467 901; x_wconf 79' lang='lat' dir='ltr'>cs.</span> <span class='ocrx_word' id='word_1_86' title='bbox 1492 875 1611 914; x_wconf 85' lang='lat' dir='ltr'>supra</span> 
     </span>
     <span class='ocr_line' id='line_1_11' title="bbox 83 928 349 982; baseline -0.004 -14"><span class='ocrx_word' id='word_1_87' title='bbox 83 943 121 982; x_wconf 91' lang='lat' dir='ltr'>p.</span> <span class='ocrx_word' id='word_1_88' title='bbox 155 928 349 970; x_wconf 85' lang='lat' dir='ltr'>CLthlt.</span> 
     </span>
    </p>

    <p class='ocr_par' dir='ltr' id='par_1_3' title="bbox 52 978 1613 2802">
     <span class='ocr_line' id='line_1_12' title="bbox 52 978 1611 1050; baseline 0.001 -15"><span class='ocrx_word' id='word_1_89' title='bbox 52 978 65 990; x_wconf 49' lang='grc'><strong><em>’</em></strong></span> <span class='ocrx_word' id='word_1_90' title='bbox 196 996 295 1041; x_wconf 89' lang='lat' dir='ltr'>Sed,</span> <span class='ocrx_word' id='word_1_91' title='bbox 336 998 370 1035; x_wconf 90' lang='lat' dir='ltr'>si</span> <span class='ocrx_word' id='word_1_92' title='bbox 402 1002 511 1035; x_wconf 88' lang='lat' dir='ltr'>recte</span> <span class='ocrx_word' id='word_1_93' title='bbox 543 997 693 1035; x_wconf 90' lang='lat' dir='ltr'>Nonius</span> <span class='ocrx_word' id='word_1_94' title='bbox 733 999 781 1036; x_wconf 83' lang='lat' dir='ltr'>fr.</span> <span class='ocrx_word' id='word_1_95' title='bbox 814 995 839 1035; x_wconf 84' lang='lat'>6</span> <span class='ocrx_word' id='word_1_96' title='bbox 880 1010 923 1036; x_wconf 84' lang='lat' dir='ltr'>ex</span> <span class='ocrx_word' id='word_1_97' title='bbox 966 997 1071 1036; x_wconf 90' lang='lat' dir='ltr'>libro</span> <span class='ocrx_word' id='word_1_98' title='bbox 1112 999 1242 1048; x_wconf 88' lang='lat' dir='ltr'>primo</span> <span class='ocrx_word' id='word_1_99' title='bbox 1283 1004 1485 1050; x_wconf 89' lang='lat' dir='ltr'>sumptum</span> <span class='ocrx_word' id='word_1_100' title='bbox 1525 1011 1611 1036; x_wconf 89' lang='lat' dir='ltr'>esse</span> 
     </span>
     <span class='ocr_line' id='line_1_13' title="bbox 86 1064 1612 1117; baseline 0 -13"><span class='ocrx_word' id='word_1_101' title='bbox 86 1065 319 1116; x_wconf 85' lang='lat' dir='ltr'>adscripsit,</span> <span class='ocrx_word' id='word_1_102' title='bbox 362 1066 439 1102; x_wconf 86' lang='lat' dir='ltr'>iam</span> <span class='ocrx_word' id='word_1_103' title='bbox 471 1064 575 1103; x_wconf 89' lang='lat' dir='ltr'>libro</span> <span class='ocrx_word' id='word_1_104' title='bbox 608 1066 736 1115; x_wconf 87' lang='lat' dir='ltr'>primo</span> <span class='ocrx_word' id='word_1_105' title='bbox 768 1064 934 1104; x_wconf 88' lang='lat' dir='ltr'>Sisenna</span> <span class='ocrx_word' id='word_1_106' title='bbox 966 1065 1013 1103; x_wconf 87' lang='lat' dir='ltr'>ad</span> <span class='ocrx_word' id='word_1_107' title='bbox 1045 1065 1194 1104; x_wconf 89' lang='lat' dir='ltr'>bellum</span> <span class='ocrx_word' id='word_1_108' title='bbox 1225 1066 1435 1105; x_wconf 85' lang='lat' dir='ltr'>Marsicum</span> <span class='ocrx_word' id='word_1_109' title='bbox 1469 1078 1612 1117; x_wconf 81' lang='lat' dir='ltr'>perue-</span> 
     </span>
     <span class='ocr_line' id='line_1_14' title="bbox 86 1132 1612 1185; baseline -0.001 -13"><span class='ocrx_word' id='word_1_110' title='bbox 86 1135 192 1172; x_wconf 90' lang='lat' dir='ltr'>nisse</span> <span class='ocrx_word' id='word_1_111' title='bbox 224 1132 398 1175; x_wconf 88' lang='lat' dir='ltr'>uidetur,</span> <span class='ocrx_word' id='word_1_112' title='bbox 432 1144 548 1183; x_wconf 87' lang='lat' dir='ltr'>quam</span> <span class='ocrx_word' id='word_1_113' title='bbox 581 1132 631 1171; x_wconf 92' lang='lat' dir='ltr'>ob</span> <span class='ocrx_word' id='word_1_114' title='bbox 664 1145 823 1171; x_wconf 88' lang='lat' dir='ltr'>causam</span> <span class='ocrx_word' id='word_1_115' title='bbox 856 1133 948 1172; x_wconf 89' lang='lat' dir='ltr'>huic</span> <span class='ocrx_word' id='word_1_116' title='bbox 981 1134 1291 1183; x_wconf 70' lang='lat' dir='ltr'>adsignafflmus,</span> <span class='ocrx_word' id='word_1_117' title='bbox 1326 1147 1424 1185; x_wconf 84' lang='lat' dir='ltr'>quae</span> <span class='ocrx_word' id='word_1_118' title='bbox 1457 1138 1612 1172; x_wconf 87' lang='lat' dir='ltr'>ostenta</span> 
     </span>
     <span class='ocr_line' id='line_1_15' title="bbox 85 1198 1612 1253; baseline 0 -14"><span class='ocrx_word' id='word_1_119' title='bbox 85 1201 201 1239; x_wconf 87' lang='lat' dir='ltr'>initio</span> <span class='ocrx_word' id='word_1_120' title='bbox 231 1201 317 1238; x_wconf 87' lang='lat' dir='ltr'>eius</span> <span class='ocrx_word' id='word_1_121' title='bbox 348 1200 451 1238; x_wconf 83' lang='lat' dir='ltr'>facta</span> <span class='ocrx_word' id='word_1_122' title='bbox 483 1212 567 1238; x_wconf 87' lang='lat' dir='ltr'>esse</span> <span class='ocrx_word' id='word_1_123' title='bbox 600 1206 835 1251; x_wconf 82' lang='lat' dir='ltr'>exposuerat</span> <span class='ocrx_word' id='word_1_124' title='bbox 869 1198 930 1245; x_wconf 74' lang='lat' dir='ltr'>(fr.</span> <span class='ocrx_word' id='word_1_125' title='bbox 963 1198 1017 1253; x_wconf 79' lang='lat'>5).</span> <span class='ocrx_word' id='word_1_126' title='bbox 1079 1201 1183 1240; x_wconf 87' lang='lat' dir='ltr'>libro</span> <span class='ocrx_word' id='word_1_127' title='bbox 1222 1202 1345 1240; x_wconf 90' lang='lat' dir='ltr'>altero</span> <span class='ocrx_word' id='word_1_128' title='bbox 1386 1203 1463 1239; x_wconf 92' lang='lat' dir='ltr'>iam</span> <span class='ocrx_word' id='word_1_129' title='bbox 1493 1201 1612 1239; x_wconf 87' lang='lat' dir='ltr'>Marsi</span> 
     </span>
     <span class='ocr_line' id='line_1_16' title="bbox 84 1266 1612 1319; baseline 0.001 -14"><span class='ocrx_word' id='word_1_130' title='bbox 84 1272 262 1319; x_wconf 84' lang='lat' dir='ltr'>pugnant</span> <span class='ocrx_word' id='word_1_131' title='bbox 292 1279 381 1305; x_wconf 91' lang='lat' dir='ltr'>cum</span> <span class='ocrx_word' id='word_1_132' title='bbox 413 1267 596 1306; x_wconf 80' lang='lat' dir='ltr'>hostibus</span> <span class='ocrx_word' id='word_1_133' title='bbox 630 1266 692 1317; x_wconf 69' lang='lat' dir='ltr'>(fr.</span> <span class='ocrx_word' id='word_1_134' title='bbox 727 1267 786 1319; x_wconf 77' lang='lat'>7),</span> <span class='ocrx_word' id='word_1_135' title='bbox 829 1270 967 1312; x_wconf 81' lang='lat' dir='ltr'>tertio,</span> <span class='ocrx_word' id='word_1_136' title='bbox 1012 1274 1054 1307; x_wconf 87' lang='lat' dir='ltr'>ut</span> <span class='ocrx_word' id='word_1_137' title='bbox 1086 1271 1238 1307; x_wconf 87' lang='lat' dir='ltr'>incerta</span> <span class='ocrx_word' id='word_1_138' title='bbox 1274 1275 1311 1308; x_wconf 90' lang='lat' dir='ltr'>et</span> <span class='ocrx_word' id='word_1_139' title='bbox 1343 1268 1462 1307; x_wconf 88' lang='lat' dir='ltr'>dubia</span> <span class='ocrx_word' id='word_1_140' title='bbox 1496 1270 1612 1306; x_wconf 90' lang='lat' dir='ltr'>omit-</span> 
     </span>
     <span class='ocr_line' id='line_1_17' title="bbox 86 1335 1612 1387; baseline 0.001 -14"><span class='ocrx_word' id='word_1_141' title='bbox 86 1340 185 1379; x_wconf 86' lang='lat' dir='ltr'>tam,</span> <span class='ocrx_word' id='word_1_142' title='bbox 226 1335 451 1373; x_wconf 72' lang='lat' dir='ltr'>‘Aesernini</span> <span class='ocrx_word' id='word_1_143' title='bbox 491 1335 641 1385; x_wconf 77' lang='lat' dir='ltr'>duplici</span> <span class='ocrx_word' id='word_1_144' title='bbox 681 1336 784 1374; x_wconf 88' lang='lat' dir='ltr'>fossa</span> <span class='ocrx_word' id='word_1_145' title='bbox 817 1336 1002 1387; x_wconf 84' lang='lat' dir='ltr'>ualloque</span> <span class='ocrx_word' id='word_1_146' title='bbox 1042 1337 1279 1375; x_wconf 83' lang='lat' dir='ltr'>circumdati</span> <span class='ocrx_word' id='word_1_147' title='bbox 1312 1338 1515 1375; x_wconf 83' lang='lat' dir='ltr'>frumento</span> <span class='ocrx_word' id='word_1_148' title='bbox 1547 1336 1612 1374; x_wconf 91' lang='lat' dir='ltr'>ad-</span> 
     </span>
     <span class='ocr_line' id='line_1_18' title="bbox 86 1403 1610 1454; baseline -0.001 -12"><span class='ocrx_word' id='word_1_149' title='bbox 86 1415 172 1447; x_wconf 91' lang='lat' dir='ltr'>eso,</span> <span class='ocrx_word' id='word_1_150' title='bbox 213 1403 316 1454; x_wconf 84' lang='lat' dir='ltr'>quod</span> <span class='ocrx_word' id='word_1_151' title='bbox 346 1415 392 1441; x_wconf 84' lang='lat' dir='ltr'>ex</span> <span class='ocrx_word' id='word_1_152' title='bbox 424 1404 527 1441; x_wconf 88' lang='lat' dir='ltr'>areis</span> <span class='ocrx_word' id='word_1_153' title='bbox 560 1404 599 1441; x_wconf 89' lang='lat' dir='ltr'>in</span> <span class='ocrx_word' id='word_1_154' title='bbox 632 1403 824 1454; x_wconf 87' lang='lat' dir='ltr'>oppidum</span> <span class='ocrx_word' id='word_1_155' title='bbox 855 1409 1055 1454; x_wconf 87' lang='lat' dir='ltr'>portatum</span> <span class='ocrx_word' id='word_1_156' title='bbox 1088 1405 1195 1443; x_wconf 83' lang='lat' dir='ltr'>erat&#39;</span> <span class='ocrx_word' id='word_1_157' title='bbox 1236 1418 1276 1443; x_wconf 89' lang='lat' dir='ltr'>se</span> <span class='ocrx_word' id='word_1_158' title='bbox 1318 1404 1498 1443; x_wconf 83' lang='lat' dir='ltr'>hostibus</span> <span class='ocrx_word' id='word_1_159' title='bbox 1530 1410 1610 1442; x_wconf 86' lang='lat' dir='ltr'>tra-</span> 
     </span>
     <span class='ocr_line' id='line_1_19' title="bbox 89 1470 1613 1522; baseline 0 -13"><span class='ocrx_word' id='word_1_160' title='bbox 89 1471 198 1515; x_wconf 90' lang='lat' dir='ltr'>dunt,</span> <span class='ocrx_word' id='word_1_161' title='bbox 231 1471 288 1508; x_wconf 91' lang='lat' dir='ltr'>sic</span> <span class='ocrx_word' id='word_1_162' title='bbox 321 1471 429 1508; x_wconf 89' lang='lat' dir='ltr'>enim</span> <span class='ocrx_word' id='word_1_163' title='bbox 460 1471 545 1508; x_wconf 92' lang='lat' dir='ltr'>sine</span> <span class='ocrx_word' id='word_1_164' title='bbox 570 1470 692 1509; x_wconf 86' lang='lat' dir='ltr'>dubio</span> <span class='ocrx_word' id='word_1_165' title='bbox 715 1484 813 1522; x_wconf 89' lang='lat' dir='ltr'>quae</span> <span class='ocrx_word' id='word_1_166' title='bbox 836 1472 991 1516; x_wconf 83' lang='lat' dir='ltr'>desunt,</span> <span class='ocrx_word' id='word_1_167' title='bbox 1025 1472 1243 1522; x_wconf 84' lang='lat' dir='ltr'>supplenda</span> <span class='ocrx_word' id='word_1_168' title='bbox 1275 1478 1379 1510; x_wconf 90' lang='lat' dir='ltr'>sunt.</span> <span class='ocrx_word' id='word_1_169' title='bbox 1424 1472 1516 1510; x_wconf 88' lang='lat' dir='ltr'>hinc</span> <span class='ocrx_word' id='word_1_170' title='bbox 1549 1484 1613 1509; x_wconf 88' lang='lat' dir='ltr'>res</span> 
     </span>
     <span class='ocr_line' id='line_1_20' title="bbox 87 1534 1612 1590; baseline 0 -14"><span class='ocrx_word' id='word_1_171' title='bbox 87 1539 181 1577; x_wconf 88' lang='lat' dir='ltr'>anni</span> <span class='ocrx_word' id='word_1_172' title='bbox 213 1535 278 1576; x_wconf 81' lang='lat'>90.</span> <span class='ocrx_word' id='word_1_173' title='bbox 311 1534 395 1576; x_wconf 79' lang='lat'>664</span> <span class='ocrx_word' id='word_1_174' title='bbox 426 1539 451 1576; x_wconf 92' lang='lat' dir='ltr'>i.</span> <span class='ocrx_word' id='word_1_175' title='bbox 486 1551 518 1577; x_wconf 91' lang='grc'>0.</span> <span class='ocrx_word' id='word_1_176' title='bbox 559 1540 699 1589; x_wconf 88' lang='lat' dir='ltr'>primi,</span> <span class='ocrx_word' id='word_1_177' title='bbox 741 1552 817 1590; x_wconf 84' lang='lat' dir='ltr'>quo</span> <span class='ocrx_word' id='word_1_178' title='bbox 860 1539 1010 1578; x_wconf 87' lang='lat' dir='ltr'>bellum</span> <span class='ocrx_word' id='word_1_179' title='bbox 1041 1540 1253 1578; x_wconf 88' lang='lat' dir='ltr'>Marsicum</span> <span class='ocrx_word' id='word_1_180' title='bbox 1294 1541 1416 1578; x_wconf 86' lang='lat' dir='ltr'>armis</span> <span class='ocrx_word' id='word_1_181' title='bbox 1454 1544 1612 1589; x_wconf 80' lang='lat' dir='ltr'>gestum</span> 
     </span>
     <span class='ocr_line' id='line_1_21' title="bbox 87 1605 1611 1656; baseline 0 -12"><span class='ocrx_word' id='word_1_182' title='bbox 87 1611 165 1650; x_wconf 89' lang='lat' dir='ltr'>est,</span> <span class='ocrx_word' id='word_1_183' title='bbox 207 1605 502 1656; x_wconf 88' lang='lat' dir='ltr'>conprehensas</span> <span class='ocrx_word' id='word_1_184' title='bbox 541 1618 626 1644; x_wconf 89' lang='grc'>0350</span> <span class='ocrx_word' id='word_1_185' title='bbox 665 1605 783 1644; x_wconf 90' lang='lat' dir='ltr'>libris</span> <span class='ocrx_word' id='word_1_186' title='bbox 814 1606 848 1644; x_wconf 96' lang='grc' dir='ltr'>ΙΙ</span> <span class='ocrx_word' id='word_1_187' title='bbox 888 1613 925 1645; x_wconf 82' lang='lat' dir='ltr'>et</span> <span class='ocrx_word' id='word_1_188' title='bbox 956 1607 1009 1645; x_wconf 94' lang='lat' dir='ltr'>III</span> <span class='ocrx_word' id='word_1_189' title='bbox 1047 1608 1193 1646; x_wconf 88' lang='lat' dir='ltr'>euadit.</span> <span class='ocrx_word' id='word_1_190' title='bbox 1256 1608 1508 1646; x_wconf 87' lang='lat' dir='ltr'>adcuratiora</span> <span class='ocrx_word' id='word_1_191' title='bbox 1546 1619 1611 1645; x_wconf 91' lang='lat' dir='ltr'>su-</span> 
     </span>
     <span class='ocr_line' id='line_1_22' title="bbox 88 1672 1611 1727; baseline -0.001 -15"><span class='ocrx_word' id='word_1_192' title='bbox 88 1674 237 1725; x_wconf 86' lang='lat' dir='ltr'>spicari</span> <span class='ocrx_word' id='word_1_193' title='bbox 270 1673 454 1711; x_wconf 87' lang='lat' dir='ltr'>nolumus</span> <span class='ocrx_word' id='word_1_194' title='bbox 486 1685 613 1724; x_wconf 88' lang='lat' dir='ltr'>neque</span> <span class='ocrx_word' id='word_1_195' title='bbox 645 1673 861 1725; x_wconf 84' lang='lat' dir='ltr'>probamus</span> <span class='ocrx_word' id='word_1_196' title='bbox 882 1675 1007 1713; x_wconf 88' lang='lat' dir='ltr'>Riesii</span> <span class='ocrx_word' id='word_1_197' title='bbox 1041 1673 1090 1726; x_wconf 81' lang='lat' dir='ltr'>(p.</span> <span class='ocrx_word' id='word_1_198' title='bbox 1114 1672 1180 1727; x_wconf 72' lang='lat'>60)</span> <span class='ocrx_word' id='word_1_199' title='bbox 1214 1677 1499 1719; x_wconf 90' lang='lat' dir='ltr'>coniecturam,</span> <span class='ocrx_word' id='word_1_200' title='bbox 1533 1675 1611 1725; x_wconf 84' lang='lat' dir='ltr'>qui,</span> 
     </span>
     <span class='ocr_line' id='line_1_23' title="bbox 87 1740 1612 1793; baseline 0.001 -14"><span class='ocrx_word' id='word_1_201' title='bbox 87 1741 190 1792; x_wconf 84' lang='lat' dir='ltr'>quod</span> <span class='ocrx_word' id='word_1_202' title='bbox 222 1745 359 1791; x_wconf 85' lang='lat' dir='ltr'>postea</span> <span class='ocrx_word' id='word_1_203' title='bbox 390 1740 513 1779; x_wconf 86' lang='lat' dir='ltr'>Kiene</span> <span class='ocrx_word' id='word_1_204' title='bbox 545 1742 660 1785; x_wconf 88' lang='lat' dir='ltr'>fecit,</span> <span class='ocrx_word' id='word_1_205' title='bbox 696 1743 770 1780; x_wconf 89' lang='lat' dir='ltr'>iam</span> <span class='ocrx_word' id='word_1_206' title='bbox 803 1747 885 1780; x_wconf 89' lang='lat' dir='ltr'>tum</span> <span class='ocrx_word' id='word_1_207' title='bbox 910 1742 1118 1781; x_wconf 81' lang='lat' dir='ltr'>Sisennam</span> <span class='ocrx_word' id='word_1_208' title='bbox 1150 1744 1293 1782; x_wconf 83' lang='lat' dir='ltr'>fecisse</span> <span class='ocrx_word' id='word_1_209' title='bbox 1325 1744 1510 1793; x_wconf 88' lang='lat' dir='ltr'>opinatus</span> <span class='ocrx_word' id='word_1_210' title='bbox 1541 1747 1612 1786; x_wconf 89' lang='lat' dir='ltr'>est,</span> 
     </span>
     <span class='ocr_line' id='line_1_24' title="bbox 86 1808 1611 1860; baseline 0.001 -14"><span class='ocrx_word' id='word_1_211' title='bbox 86 1814 130 1847; x_wconf 89' lang='lat' dir='ltr'>ut</span> <span class='ocrx_word' id='word_1_212' title='bbox 152 1808 365 1858; x_wconf 82' lang='lat' dir='ltr'>diligenter</span> <span class='ocrx_word' id='word_1_213' title='bbox 387 1820 450 1846; x_wconf 89' lang='lat' dir='ltr'>res</span> <span class='ocrx_word' id='word_1_214' title='bbox 472 1808 690 1853; x_wconf 79' lang='lat' dir='ltr'>dirimeret,</span> <span class='ocrx_word' id='word_1_215' title='bbox 724 1822 822 1860; x_wconf 83' lang='lat' dir='ltr'>quae</span> <span class='ocrx_word' id='word_1_216' title='bbox 845 1811 884 1847; x_wconf 90' lang='lat' dir='ltr'>in</span> <span class='ocrx_word' id='word_1_217' title='bbox 908 1810 1152 1855; x_wconf 75' lang='lat' dir='ltr'>Picentibus,</span> <span class='ocrx_word' id='word_1_218' title='bbox 1183 1811 1334 1855; x_wconf 76' lang='lat' dir='ltr'>Marsis,</span> <span class='ocrx_word' id='word_1_219' title='bbox 1360 1810 1611 1853; x_wconf 88' lang='lat' dir='ltr'>Marrucinis,</span> 
     </span>
     <span class='ocr_line' id='line_1_25' title="bbox 88 1875 1613 1928; baseline 0.001 -15"><span class='ocrx_word' id='word_1_220' title='bbox 88 1875 137 1914; x_wconf 87' lang='lat' dir='ltr'>ab</span> <span class='ocrx_word' id='word_1_221' title='bbox 161 1877 238 1919; x_wconf 89' lang='lat' dir='ltr'>eis,</span> <span class='ocrx_word' id='word_1_222' title='bbox 272 1887 372 1926; x_wconf 86' lang='lat' dir='ltr'>quae</span> <span class='ocrx_word' id='word_1_223' title='bbox 396 1876 435 1913; x_wconf 87' lang='lat' dir='ltr'>in</span> <span class='ocrx_word' id='word_1_224' title='bbox 459 1875 705 1915; x_wconf 89' lang='lat' dir='ltr'>Samnitibus</span> <span class='ocrx_word' id='word_1_225' title='bbox 728 1883 765 1915; x_wconf 88' lang='lat' dir='ltr'>et</span> <span class='ocrx_word' id='word_1_226' title='bbox 787 1877 959 1916; x_wconf 88' lang='lat' dir='ltr'>Lucanis</span> <span class='ocrx_word' id='word_1_227' title='bbox 980 1884 1114 1928; x_wconf 80' lang='lat' dir='ltr'>gestae</span> <span class='ocrx_word' id='word_1_228' title='bbox 1138 1884 1289 1923; x_wconf 89' lang='lat' dir='ltr'>essent,</span> <span class='ocrx_word' id='word_1_229' title='bbox 1323 1883 1361 1916; x_wconf 90' lang='lat' dir='ltr'>et</span> <span class='ocrx_word' id='word_1_230' title='bbox 1392 1878 1480 1916; x_wconf 89' lang='lat' dir='ltr'>illas</span> <span class='ocrx_word' id='word_1_231' title='bbox 1510 1877 1613 1915; x_wconf 91' lang='lat' dir='ltr'>libro</span> 
     </span>
     <span class='ocr_line' id='line_1_26' title="bbox 89 1943 1613 1997; baseline 0.001 -16"><span class='ocrx_word' id='word_1_232' title='bbox 89 1943 233 1987; x_wconf 89' lang='lat' dir='ltr'>altero,</span> <span class='ocrx_word' id='word_1_233' title='bbox 269 1943 338 1981; x_wconf 89' lang='lat' dir='ltr'>has</span> <span class='ocrx_word' id='word_1_234' title='bbox 368 1944 488 1982; x_wconf 87' lang='lat' dir='ltr'>tertio</span> <span class='ocrx_word' id='word_1_235' title='bbox 521 1950 748 1995; x_wconf 86' lang='lat' dir='ltr'>exponeret.</span> <span class='ocrx_word' id='word_1_236' title='bbox 811 1945 914 1983; x_wconf 88' lang='lat' dir='ltr'>libro</span> <span class='ocrx_word' id='word_1_237' title='bbox 947 1952 1087 1997; x_wconf 88' lang='lat' dir='ltr'>quarto</span> <span class='ocrx_word' id='word_1_238' title='bbox 1120 1957 1356 1997; x_wconf 82' lang='lat' dir='ltr'>progressus</span> <span class='ocrx_word' id='word_1_239' title='bbox 1387 1946 1434 1984; x_wconf 89' lang='lat' dir='ltr'>ad</span> <span class='ocrx_word' id='word_1_240' title='bbox 1466 1957 1613 1984; x_wconf 88' lang='lat' dir='ltr'>annum</span> 
     </span>
     <span class='ocr_line' id='line_1_27' title="bbox 91 2008 1612 2059; baseline 0.001 -10"><span class='ocrx_word' id='word_1_241' title='bbox 91 2010 186 2049; x_wconf 89' lang='lat' dir='ltr'>belli</span> <span class='ocrx_word' id='word_1_242' title='bbox 218 2010 437 2049; x_wconf 90' lang='lat' dir='ltr'>secundum</span> <span class='ocrx_word' id='word_1_243' title='bbox 469 2008 534 2049; x_wconf 77' lang='lat'>89.</span> <span class='ocrx_word' id='word_1_244' title='bbox 567 2008 649 2050; x_wconf 82' lang='lat'>665</span> <span class='ocrx_word' id='word_1_245' title='bbox 683 2010 746 2054; x_wconf 68' lang='lat' dir='ltr'>(cs.</span> <span class='ocrx_word' id='word_1_246' title='bbox 772 2014 819 2051; x_wconf 84' lang='lat' dir='ltr'>fr.</span> <span class='ocrx_word' id='word_1_247' title='bbox 842 2010 909 2051; x_wconf 85' lang='lat'>51.</span> <span class='ocrx_word' id='word_1_248' title='bbox 932 2010 999 2051; x_wconf 75' lang='lat'>52.</span> <span class='ocrx_word' id='word_1_249' title='bbox 1030 2011 1098 2059; x_wconf 64' lang='lat'>53)</span> <span class='ocrx_word' id='word_1_250' title='bbox 1133 2026 1210 2052; x_wconf 91' lang='lat' dir='ltr'>non</span> <span class='ocrx_word' id='word_1_251' title='bbox 1242 2014 1371 2052; x_wconf 89' lang='lat' dir='ltr'>solum</span> <span class='ocrx_word' id='word_1_252' title='bbox 1402 2026 1466 2052; x_wconf 87' lang='lat' dir='ltr'>res</span> <span class='ocrx_word' id='word_1_253' title='bbox 1498 2012 1612 2051; x_wconf 89' lang='lat' dir='ltr'>belli-</span> 
     </span>
     <span class='ocr_line' id='line_1_28' title="bbox 89 2077 1613 2119; baseline 0.002 -4"><span class='ocrx_word' id='word_1_254' title='bbox 89 2091 154 2117; x_wconf 83' lang='lat' dir='ltr'>cas</span> <span class='ocrx_word' id='word_1_255' title='bbox 185 2077 253 2116; x_wconf 88' lang='lat' dir='ltr'>sed</span> <span class='ocrx_word' id='word_1_256' title='bbox 285 2079 404 2116; x_wconf 87' lang='lat' dir='ltr'>etiam</span> <span class='ocrx_word' id='word_1_257' title='bbox 436 2078 673 2117; x_wconf 84' lang='lat' dir='ltr'>domesticas</span> <span class='ocrx_word' id='word_1_258' title='bbox 706 2082 906 2119; x_wconf 86' lang='lat' dir='ltr'>tractauit.</span> <span class='ocrx_word' id='word_1_259' title='bbox 953 2085 1085 2119; x_wconf 89' lang='lat' dir='ltr'>utrum</span> <span class='ocrx_word' id='word_1_260' title='bbox 1119 2082 1155 2119; x_wconf 91' lang='lat' dir='ltr'>ei</span> <span class='ocrx_word' id='word_1_261' title='bbox 1188 2093 1290 2119; x_wconf 88' lang='lat' dir='ltr'>anno</span> <span class='ocrx_word' id='word_1_262' title='bbox 1322 2081 1396 2119; x_wconf 88' lang='lat' dir='ltr'>hoc</span> <span class='ocrx_word' id='word_1_263' title='bbox 1428 2080 1533 2119; x_wconf 88' lang='lat' dir='ltr'>libro</span> <span class='ocrx_word' id='word_1_264' title='bbox 1565 2093 1613 2118; x_wconf 88' lang='lat' dir='ltr'>an</span> 
     </span>
     <span class='ocr_line' id='line_1_29' title="bbox 89 2146 1613 2199; baseline 0.001 -16"><span class='ocrx_word' id='word_1_265' title='bbox 89 2147 228 2197; x_wconf 85' lang='lat' dir='ltr'>quinto</span> <span class='ocrx_word' id='word_1_266' title='bbox 260 2146 378 2183; x_wconf 82' lang='lat' dir='ltr'>linem</span> <span class='ocrx_word' id='word_1_267' title='bbox 410 2147 652 2197; x_wconf 86' lang='lat' dir='ltr'>inposuerit,</span> <span class='ocrx_word' id='word_1_268' title='bbox 694 2159 773 2186; x_wconf 91' lang='lat' dir='ltr'>non</span> <span class='ocrx_word' id='word_1_269' title='bbox 814 2149 958 2199; x_wconf 81' lang='lat' dir='ltr'>liquet,</span> <span class='ocrx_word' id='word_1_270' title='bbox 1000 2161 1090 2186; x_wconf 88' lang='lat' dir='ltr'>cum</span> <span class='ocrx_word' id='word_1_271' title='bbox 1130 2161 1175 2185; x_wconf 87' lang='lat' dir='ltr'>ex</span> <span class='ocrx_word' id='word_1_272' title='bbox 1208 2148 1312 2186; x_wconf 88' lang='lat' dir='ltr'>libro</span> <span class='ocrx_word' id='word_1_273' title='bbox 1344 2149 1482 2199; x_wconf 82' lang='lat' dir='ltr'>quinto</span> <span class='ocrx_word' id='word_1_274' title='bbox 1514 2147 1613 2186; x_wconf 90' lang='lat' dir='ltr'>nihil</span> 
     </span>
     <span class='ocr_line' id='line_1_30' title="bbox 91 2212 1611 2266; baseline 0.001 -14"><span class='ocrx_word' id='word_1_275' title='bbox 91 2213 207 2252; x_wconf 88' lang='lat' dir='ltr'>nobis</span> <span class='ocrx_word' id='word_1_276' title='bbox 237 2212 427 2251; x_wconf 88' lang='lat' dir='ltr'>traditum</span> <span class='ocrx_word' id='word_1_277' title='bbox 459 2215 522 2252; x_wconf 91' lang='lat' dir='ltr'>sit.</span> <span class='ocrx_word' id='word_1_278' title='bbox 582 2213 705 2252; x_wconf 89' lang='lat' dir='ltr'>Libro</span> <span class='ocrx_word' id='word_1_279' title='bbox 737 2221 846 2254; x_wconf 83' lang='lat' dir='ltr'>sexto</span> <span class='ocrx_word' id='word_1_280' title='bbox 878 2215 1119 2266; x_wconf 83' lang='lat' dir='ltr'>sequebatur</span> <span class='ocrx_word' id='word_1_281' title='bbox 1150 2215 1265 2254; x_wconf 87' lang='lat' dir='ltr'>Marii</span> <span class='ocrx_word' id='word_1_282' title='bbox 1296 2216 1387 2266; x_wconf 79' lang='lat' dir='ltr'>fuga</span> <span class='ocrx_word' id='word_1_283' title='bbox 1421 2214 1484 2265; x_wconf 72' lang='lat' dir='ltr'>(l‘r.</span> <span class='ocrx_word' id='word_1_284' title='bbox 1520 2212 1611 2265; x_wconf 66' lang='lat'>125)</span> 
     </span>
     <span class='ocr_line' id='line_1_31' title="bbox 91 2279 1613 2333; baseline 0 -15"><span class='ocrx_word' id='word_1_285' title='bbox 91 2286 128 2319; x_wconf 83' lang='lat' dir='ltr'>et</span> <span class='ocrx_word' id='word_1_286' title='bbox 164 2279 312 2318; x_wconf 87' lang='lat' dir='ltr'>bellum</span> <span class='ocrx_word' id='word_1_287' title='bbox 343 2280 674 2326; x_wconf 88' lang='lat' dir='ltr'>Mithridaticum,</span> <span class='ocrx_word' id='word_1_288' title='bbox 715 2283 819 2333; x_wconf 89' lang='lat' dir='ltr'>quod</span> <span class='ocrx_word' id='word_1_289' title='bbox 860 2284 911 2321; x_wconf 93' lang='lat' dir='ltr'>ita</span> <span class='ocrx_word' id='word_1_290' title='bbox 952 2288 1209 2322; x_wconf 83' lang='lat' dir='ltr'>enarranerat</span> <span class='ocrx_word' id='word_1_291' title='bbox 1241 2283 1427 2326; x_wconf 89' lang='lat' dir='ltr'>Sisenna,</span> <span class='ocrx_word' id='word_1_292' title='bbox 1470 2289 1511 2321; x_wconf 90' lang='lat' dir='ltr'>ut</span> <span class='ocrx_word' id='word_1_293' title='bbox 1550 2294 1613 2320; x_wconf 86' lang='lat' dir='ltr'>res</span> 
     </span>
     <span class='ocr_line' id='line_1_32' title="bbox 92 2348 1613 2399; baseline 0 -13"><span class='ocrx_word' id='word_1_294' title='bbox 92 2349 131 2386; x_wconf 91' lang='lat' dir='ltr'>in</span> <span class='ocrx_word' id='word_1_295' title='bbox 163 2348 253 2386; x_wconf 86' lang='lat' dir='ltr'>Asia</span> <span class='ocrx_word' id='word_1_296' title='bbox 291 2353 329 2385; x_wconf 88' lang='lat' dir='ltr'>et</span> <span class='ocrx_word' id='word_1_297' title='bbox 359 2348 525 2387; x_wconf 85' lang='lat' dir='ltr'>Graecia</span> <span class='ocrx_word' id='word_1_298' title='bbox 563 2354 692 2399; x_wconf 86' lang='lat' dir='ltr'>gestas</span> <span class='ocrx_word' id='word_1_299' title='bbox 732 2352 982 2389; x_wconf 87' lang='lat' dir='ltr'>continentes</span> <span class='ocrx_word' id='word_1_300' title='bbox 1019 2350 1240 2394; x_wconf 86' lang='lat' dir='ltr'>mandaret,</span> <span class='ocrx_word' id='word_1_301' title='bbox 1283 2353 1355 2388; x_wconf 80' lang='lat' dir='ltr'>‘ne</span> <span class='ocrx_word' id='word_1_302' title='bbox 1397 2350 1613 2388; x_wconf 78' lang='lat' dir='ltr'>ucllicatim</span> 
     </span>
     <span class='ocr_line' id='line_1_33' title="bbox 92 2414 1613 2468; baseline 0.001 -16"><span class='ocrx_word' id='word_1_303' title='bbox 92 2428 135 2453; x_wconf 87' lang='lat' dir='ltr'>ac</span> <span class='ocrx_word' id='word_1_304' title='bbox 167 2414 366 2453; x_wconf 87' lang='lat' dir='ltr'>saltuatim</span> <span class='ocrx_word' id='word_1_305' title='bbox 399 2415 611 2454; x_wconf 87' lang='lat' dir='ltr'>scribendo</span> <span class='ocrx_word' id='word_1_306' title='bbox 643 2417 838 2456; x_wconf 86' lang='lat' dir='ltr'>lectorum</span> <span class='ocrx_word' id='word_1_307' title='bbox 871 2419 1023 2457; x_wconf 86' lang='lat' dir='ltr'>animos</span> <span class='ocrx_word' id='word_1_308' title='bbox 1048 2418 1281 2468; x_wconf 88' lang='lat' dir='ltr'>impediret’</span> <span class='ocrx_word' id='word_1_309' title='bbox 1310 2416 1371 2467; x_wconf 55' lang='lat' dir='ltr'>ijst&#39;r.</span> <span class='ocrx_word' id='word_1_310' title='bbox 1399 2415 1505 2468; x_wconf 73' lang='lat'>127).</span> <span class='ocrx_word' id='word_1_311' title='bbox 1546 2418 1613 2467; x_wconf 87' lang='lat' dir='ltr'>qui</span> 
     </span>
     <span class='ocr_line' id='line_1_34' title="bbox 93 2481 1611 2533; baseline 0.001 -14"><span class='ocrx_word' id='word_1_312' title='bbox 93 2481 195 2520; x_wconf 89' lang='lat' dir='ltr'>liber</span> <span class='ocrx_word' id='word_1_313' title='bbox 228 2482 425 2533; x_wconf 87' lang='lat' dir='ltr'>proelium</span> <span class='ocrx_word' id='word_1_314' title='bbox 465 2482 511 2521; x_wconf 89' lang='lat' dir='ltr'>ad</span> <span class='ocrx_word' id='word_1_315' title='bbox 542 2483 763 2522; x_wconf 90' lang='lat' dir='ltr'>Ianiculum</span> <span class='ocrx_word' id='word_1_316' title='bbox 796 2497 828 2523; x_wconf 90' lang='lat' dir='ltr'>a.</span> <span class='ocrx_word' id='word_1_317' title='bbox 863 2482 929 2523; x_wconf 79' lang='lat'>87.</span> <span class='ocrx_word' id='word_1_318' title='bbox 962 2483 1041 2523; x_wconf 81' lang='grc'>667</span> <span class='ocrx_word' id='word_1_319' title='bbox 1075 2485 1317 2523; x_wconf 87' lang='lat' dir='ltr'>conmissum</span> <span class='ocrx_word' id='word_1_320' title='bbox 1354 2484 1611 2527; x_wconf 87' lang='lat' dir='ltr'>continuerit,</span> 
     </span>
     <span class='ocr_line' id='line_1_35' title="bbox 91 2549 1612 2602; baseline 0.001 -16"><span class='ocrx_word' id='word_1_321' title='bbox 91 2549 271 2593; x_wconf 88' lang='lat' dir='ltr'>Tacitus,</span> <span class='ocrx_word' id='word_1_322' title='bbox 312 2551 380 2600; x_wconf 88' lang='lat' dir='ltr'>qui</span> <span class='ocrx_word' id='word_1_323' title='bbox 420 2562 463 2587; x_wconf 82' lang='lat' dir='ltr'>ex</span> <span class='ocrx_word' id='word_1_324' title='bbox 505 2562 550 2587; x_wconf 87' lang='lat' dir='ltr'>eo</span> <span class='ocrx_word' id='word_1_325' title='bbox 589 2562 673 2589; x_wconf 90' lang='lat' dir='ltr'>rem</span> <span class='ocrx_word' id='word_1_326' title='bbox 711 2552 905 2602; x_wconf 85' lang='lat' dir='ltr'>quandam</span> <span class='ocrx_word' id='word_1_327' title='bbox 946 2554 1095 2602; x_wconf 84' lang='lat' dir='ltr'>tetigit,</span> <span class='ocrx_word' id='word_1_328' title='bbox 1137 2564 1216 2590; x_wconf 93' lang='lat' dir='ltr'>non</span> <span class='ocrx_word' id='word_1_329' title='bbox 1255 2551 1388 2590; x_wconf 83' lang='lat' dir='ltr'>adicit.</span> <span class='ocrx_word' id='word_1_330' title='bbox 1450 2552 1612 2589; x_wconf 90' lang='lat' dir='ltr'>omnino</span> 
     </span>
     <span class='ocr_line' id='line_1_36' title="bbox 95 2616 1612 2670; baseline 0.001 -16"><span class='ocrx_word' id='word_1_331' title='bbox 95 2616 313 2666; x_wconf 86' lang='lat' dir='ltr'>fragmenta</span> <span class='ocrx_word' id='word_1_332' title='bbox 346 2629 392 2655; x_wconf 80' lang='lat' dir='ltr'>ex</span> <span class='ocrx_word' id='word_1_333' title='bbox 427 2617 500 2655; x_wconf 90' lang='lat' dir='ltr'>hac</span> <span class='ocrx_word' id='word_1_334' title='bbox 532 2617 733 2656; x_wconf 91' lang='lat' dir='ltr'>annalium</span> <span class='ocrx_word' id='word_1_335' title='bbox 764 2624 876 2669; x_wconf 90' lang='lat' dir='ltr'>parte</span> <span class='ocrx_word' id='word_1_336' title='bbox 900 2632 1062 2670; x_wconf 88' lang='lat' dir='ltr'>perrara</span> <span class='ocrx_word' id='word_1_337' title='bbox 1093 2624 1202 2661; x_wconf 87' lang='lat' dir='ltr'>sunt,</span> <span class='ocrx_word' id='word_1_338' title='bbox 1237 2623 1357 2656; x_wconf 89' lang='lat' dir='ltr'>restat</span> <span class='ocrx_word' id='word_1_339' title='bbox 1390 2630 1531 2661; x_wconf 88' lang='lat' dir='ltr'>unum,</span> <span class='ocrx_word' id='word_1_340' title='bbox 1566 2618 1612 2655; x_wconf 86' lang='lat' dir='ltr'>de</span> 
     </span>
     <span class='ocr_line' id='line_1_37' title="bbox 93 2684 1612 2736; baseline 0.002 -16"><span class='ocrx_word' id='word_1_341' title='bbox 93 2695 168 2733; x_wconf 87' lang='lat' dir='ltr'>quo</span> <span class='ocrx_word' id='word_1_342' title='bbox 201 2688 354 2722; x_wconf 89' lang='lat' dir='ltr'>certum</span> <span class='ocrx_word' id='word_1_343' title='bbox 386 2684 580 2732; x_wconf 88' lang='lat' dir='ltr'>iudicium</span> <span class='ocrx_word' id='word_1_344' title='bbox 611 2685 711 2723; x_wconf 79' lang='lat' dir='ltr'>ferri</span> <span class='ocrx_word' id='word_1_345' title='bbox 741 2688 886 2736; x_wconf 91' lang='lat' dir='ltr'>possit,</span> <span class='ocrx_word' id='word_1_346' title='bbox 920 2688 969 2725; x_wconf 88' lang='lat' dir='ltr'>sr.</span> <span class='ocrx_word' id='word_1_347' title='bbox 1005 2684 1084 2725; x_wconf 76' lang='lat'>132</span> <span class='ocrx_word' id='word_1_348' title='bbox 1117 2699 1161 2724; x_wconf 89' lang='lat' dir='ltr'>ex</span> <span class='ocrx_word' id='word_1_349' title='bbox 1195 2684 1299 2724; x_wconf 92' lang='lat' dir='ltr'>libro</span> <span class='ocrx_word' id='word_1_350' title='bbox 1322 2684 1502 2736; x_wconf 63' lang='lat' dir='ltr'>XX1111),</span> <span class='ocrx_word' id='word_1_351' title='bbox 1535 2698 1612 2736; x_wconf 81' lang='lat' dir='ltr'>quo</span> 
     </span>
     <span class='ocr_line' id='line_1_38' title="bbox 93 2751 1612 2802; baseline 0.002 -15"><span class='ocrx_word' id='word_1_352' title='bbox 93 2762 289 2789; x_wconf 85' lang='lat' dir='ltr'>summum</span> <span class='ocrx_word' id='word_1_353' title='bbox 328 2752 504 2789; x_wconf 89' lang='lat' dir='ltr'>omnium</span> <span class='ocrx_word' id='word_1_354' title='bbox 544 2751 763 2791; x_wconf 84' lang='lat' dir='ltr'>dictaturae</span> <span class='ocrx_word' id='word_1_355' title='bbox 804 2753 1046 2792; x_wconf 90' lang='lat' dir='ltr'>desiderium</span> <span class='ocrx_word' id='word_1_356' title='bbox 1088 2751 1342 2791; x_wconf 80' lang='lat' dir='ltr'>describitur.</span> <span class='ocrx_word' id='word_1_357' title='bbox 1411 2753 1612 2802; x_wconf 86' lang='lat' dir='ltr'>pertinere</span> 
     </span>
    </p>
   </div>
   <div class='ocr_carea' id='block_1_3' title="bbox 188 2894 1196 2938">
    <p class='ocr_par' dir='ltr' id='par_1_4' title="bbox 188 2894 1196 2938">
     <span class='ocr_line' id='line_1_39' title="bbox 188 2894 1196 2938; baseline 0.002 -12"><span class='ocrx_word' id='word_1_358' title='bbox 188 2894 211 2935; x_wconf 84' lang='lat'>¹)</span> <span class='ocrx_word' id='word_1_359' title='bbox 237 2895 292 2927; x_wconf 85' lang='lat' dir='ltr'>De</span> <span class='ocrx_word' id='word_1_360' title='bbox 320 2905 468 2928; x_wconf 88' lang='lat' dir='ltr'>numero</span> <span class='ocrx_word' id='word_1_361' title='bbox 496 2895 574 2927; x_wconf 85' lang='lat' dir='ltr'>sine</span> <span class='ocrx_word' id='word_1_362' title='bbox 601 2905 712 2928; x_wconf 78' lang='lat' dir='ltr'>causa</span> <span class='ocrx_word' id='word_1_363' title='bbox 738 2896 922 2929; x_wconf 81' lang='lat' dir='ltr'>dubitauit</span> <span class='ocrx_word' id='word_1_364' title='bbox 946 2897 1054 2930; x_wconf 82' lang='lat' dir='ltr'>Riese</span> <span class='ocrx_word' id='word_1_365' title='bbox 1081 2907 1115 2938; x_wconf 91' lang='lat' dir='ltr'>p.</span> <span class='ocrx_word' id='word_1_366' title='bbox 1144 2898 1196 2928; x_wconf 80' lang='lat'>63.</span> 
     </span>
    </p>
   </div>
  </div>
 </body>
</html>
