1884 3213
144 967 209 1016 Q

145 1025 209 1056 573

144 1580 209 1627 {0}

145 1637 209 1668 ‘249

233 216 317 256 244
843 216 1140 258 RELLIQVIAE

235 336 274 369 ot
319 333 528 369 uetustatis
572 330 871 370 oblitteratione
919 332 1065 377 celari,
1100 333 1338 384 compositio
1373 333 1545 371 nominis
1587 332 1680 383 iecit
1720 332 1759 370 in

234 399 409 438 medium
442 404 479 437 et
511 412 600 437 cum
632 401 714 437 suis
746 401 876 437 causis
907 412 978 450 per
1011 400 1099 438 data
1132 399 1208 438 sihi
1243 405 1423 451 tempora
1460 399 1759 450 inextinguibili

235 470 331 506 fecit
369 468 649 506 testificatione
688 467 906 518 procedere
945 480 1018 506 nee
1052 467 1214 506 erubuit
1245 469 1387 507 ciuitas
1418 469 1587 506 maxima
1619 472 1656 506 et
1687 479 1759 505 nu-

234 537 386 574 minum
420 541 657 574 cunctorum
690 535 834 574 cultrix
876 548 965 574 eum
997 535 1238 574 uocabulum
1268 535 1416 587 templo
1449 535 1578 579 daret,
1621 547 1665 573 ex
1698 534 1761 573 Oli

235 605 365 654 capite
397 603 636 654 Capitolium
669 615 785 653 quam
819 616 864 641 ex
897 605 1056 642 nomine
1088 603 1196 642 Iouis
1228 615 1472 654 nuncupare.

350 668 424 710 14.
457 671 612 709 Charis.
644 670 692 709 II
716 683 759 719 p.
796 668 874 710 186
907 673 950 709 Ρ.
983 668 1066 710 208
1097 673 1148 711 K.
1192 671 1372 709 Valerius
1402 672 1537 710 Antias
1568 670 1673 709 libro
1706 669 1759 708 II:

236 740 360 779 Mater
392 751 482 779 cum
514 740 733 778 nouissime
765 744 1020 790 aegrotasset,
1055 741 1196 791 inquit,
1229 740 1390 778 uouisse
1424 740 1563 777 Fertur.

782 873 869 916 EX
905 871 1107 915 LIBRO
1146 872 1224 914 III

350 976 422 1017 15.
463 979 567 1016 le.
607 991 647 1017 n.
681 980 718 1018 Ιι.
751 979 871 1018 ΧΠ]
896 976 948 1017 87
991 978 1100 1017 Idem
1143 975 1325 1029 [Antias]
1370 977 1486 1015 tertio
1526 982 1564 1015 et
1602 981 1763 1016 senatus

236 1046 465 1085 consultum
497 1048 620 1097 ponit,
654 1059 730 1098 quo
763 1046 947 1085 comburi
980 1058 1046 1084 eos
1080 1043 1223 1096 [libros
1254 1043 1427 1096 Numae]
1461 1044 1671 1095 placuerit.

779 1179 867 1221 EX
905 1178 1110 1221 LIBRO
1137 1178 1221 1246 *VI

351 1281 422 1323 16.
454 1285 653 1323 Priscian.
694 1285 777 1322 VII
802 1296 843 1333 p.
876 1281 955 1322 767
988 1284 1032 1321 P.
1064 1280 1146 1322 347
1179 1283 1230 1321 H.
1262 1282 1442 1321 Valerius
1472 1283 1608 1321 Antias
1638 1284 1680 1320 in
1710 1282 1757 1320 VI

236 1352 459 1391 annalium:
493 1352 576 1391 Hoc
608 1358 770 1390 senatus
801 1352 1027 1390 consultum
1059 1352 1172 1402 prior
1202 1352 1351 1390 factum
1382 1355 1453 1389 est.

680 1484 766 1526 EX
806 1484 1009 1526 LIBRO
1048 1482 1327 1525 III—XXI

353 1587 425 1629 17.
458 1591 600 1629 Ascon.
624 1591 663 1627 in
687 1590 767 1628 Cic.
794 1590 871 1628 Pis.
899 1601 940 1638 p.
968 1587 1018 1628 13
1043 1588 1108 1627 Or.
1122 1602 1134 1626 :
1166 1588 1321 1627 Valerio
1344 1588 1528 1633 Maximo,
1561 1592 1605 1626 ut
1624 1588 1761 1626 Antias

236 1658 412 1703 tradidit,
449 1659 554 1696 inter
587 1657 685 1695 alios
716 1657 889 1696 honores
921 1657 1061 1695 domus
1092 1668 1249 1708 quoqne
1282 1654 1444 1707 publice
1476 1655 1680 1694 aedificata
1703 1660 1762 1693 est

235 1729 276 1764 in
308 1725 481 1770 Palatio,
522 1726 636 1763 euius
668 1726 815 1769 exitus,
850 1737 928 1776 quo
959 1726 1085 1775 magis
1117 1725 1287 1774 insignis
1319 1728 1441 1766 esset,
1485 1724 1524 1761 in
1554 1722 1760 1773 publicum

240 1805 382 1833 uersus
414 1793 697 1836 declinaretur,
732 1793 806 1831 hoe
839 1797 898 1831 est
931 1797 1040 1833 extra
1072 1793 1271 1842 privatum
1304 1792 1542 1841 aperiretur.

326 1948 389 1983 15.
416 1949 500 1981 Sunt
525 1950 615 1990 libri,
641 1951 683 1981 de
709 1950 825 1991 quibus
848 1950 897 1988 fr.
924 1951 988 1981 7—
992 1950 1011 1980 9
1036 1959 1145 1981 sermo
1167 1949 1244 1988 fuit,
1270 1959 1354 1998 quae
1380 1948 1550 1987 conferas.

324 1993 383 2028 17
411 1996 542 2027 Annum
567 1996 739 2045 adscripsi
762 2005 807 2027 ea:
831 1994 1007 2026 Plutarchi
1023 1995 1120 2046 Popl.
1141 1995 1200 2026 20:
1226 1987 1340 2025 Μετα
1365 1989 1406 2025 δὲ
1430 1990 1554 2024 ταῦτα
1561 1990 1760 2042 Σαβίνων

238 2035 481 2093 ἐμβαλόντων
508 2037 562 2078 εἰς
587 2034 656 2088 τὴν
682 2035 806 2081 χώραν
832 2032 976 2076 ὕπατος
1002 2050 1073 2080 μεν
1091 2032 1310 2089 ἀπεδείχθη
1327 2036 1486 2080 Μάρκος
1509 2030 1760 2090 Οὐαλλέριος,

236 2081 410 2128 αδελφός
437 2079 671 2124 Ποπλικόλα,
698 2083 763 2117 καὶ
789 2080 1028 2126 Ποστούμιος
1058 2079 1282 2134 Τούβερτος
1325 2078 1593 2132 πραττομένων
1619 2077 1661 2113 δὲ
1686 2092 1760 2113 των

236 2130 439 2184 μεγίστων
457 2126 586 2174 γνώμῃ
626 2127 692 2162 καὶ
721 2128 920 2184 παρουσίᾳ
952 2124 1174 2161 Ποπλικόλα
1217 2125 1304 2160 δυσὶ
1344 2138 1484 2179 μαχαις
1519 2121 1702 2176 μεγάλαις
1740 2122 1758 2158 ὁ

236 2171 396 2218 Μαρκος
423 2170 609 2230 ἐνίκησεν,
637 2167 688 2207 ὧν
714 2169 755 2207 ἐν
780 2174 824 2216 τῇ
852 2170 1015 2220 ὸευτέρα
1042 2171 1190 2224 μηδένα
1209 2169 1404 2214 Ρωμαίων
1429 2166 1635 2226 ἀποβαλών
1658 2180 1754 2212 τρισ-

236 2221 381 2263 χιλίους
419 2215 481 2253 ἒπὶ
520 2220 670 2262 μυρίοις
702 2220 751 2261 (¹)
785 2218 859 2252 τῶν
896 2208 1086 2260 πολεμίων
1124 2213 1266 2251 ἄνειλε
1316 2216 1381 2250 καὶ
1411 2214 1525 2268 γέρας
1557 2213 1666 2271 ἔσχεν
1698 2211 1760 2248 ἐπὶ

236 2269 318 2303 τοῖς
349 2261 558 2307 θριάμβοις
591 2263 719 2298 οἰκίαν
753 2260 855 2310 αυτῷ
887 2261 1071 2306 γενέσθαι
1104 2263 1302 2306 δημοσίοις
1334 2257 1582 2313 αναλώμασιν
1612 2257 1652 2294 ἐν
1677 2263 1760 2298 τοῖς

238 2311 462 2349 Παλατίοις.
512 2308 586 2343 τῶν
613 2307 651 2342 ‹3'
679 2305 803 2343 ἄλλων
828 2300 911 2342 τότε
938 2309 1068 2352 θυρῶν
1096 2307 1183 2341 εἴσω
1201 2308 1267 2349 τῆς
1294 2305 1419 2346 οἰκίας
1446 2305 1501 2346 εἰς
1525 2302 1566 2340 τὸ
1592 2306 1759 2339 κλεισίον

352 2456 434 2508 14,
473 2462 508 2497 6.
552 2461 624 2496 uul.
658 2462 769 2495 antias
808 2459 868 2495 lib.
902 2459 928 2493 ll
972 2459 1092 2505 Ncap.
1154 2458 1244 2494 libro
1284 2458 1391 2494 tertio
1434 2469 1518 2494 exc.
1560 2456 1699 2494 Cauch.

238 2518 276 2554 7.
308 2523 498 2565 egrotasse
532 2517 653 2564 Neap.
685 2528 786 2553 corr.
819 2517 876 2552 ecl.
907 2527 967 2561 pr.

352 2568 433 2620 15,
473 2573 508 2608 8.
550 2575 675 2609 tertios
719 2574 798 2608 Vat.
831 2573 923 2609 Par.
950 2572 994 2609 E.
1028 2582 1210 2607 numerus
1241 2573 1392 2607 uidetur
1423 2581 1506 2606 esse
1537 2574 1755 2616 corruptus.

237 2632 312 2666 uid.
346 2641 455 2675 supr.
486 2641 525 2675 p.
559 2629 649 2666 CCC
662 2630 713 2665 VI
741 2634 815 2665 not.
971 2632 1005 2662 et
1037 2634 1179 2663 senatus
1211 2623 1434 2676 consultum]
1475 2626 1624 2662 Urlichs
1654 2626 1757 2661 zciml.

239 2687 336 2722 Plin.
367 2697 406 2731 p.
440 2685 521 2721 224
581 2692 616 2721 et
647 2698 675 2720 s,
707 2697 736 2721 e.
770 2686 874 2721 Rz‘cc.
934 2689 969 2718 et
1000 2695 1037 2719 se
1067 2686 1144 2729 pal.
1176 2684 1278 2720 Mon.
1312 2696 1380 2719 om.
1412 2687 1481 2718 cet.
1511 2683 1602 2718 libri
1629 2681 1727 2717 Dete.

355 2736 438 2790 16,
479 2743 544 2779 10.
587 2742 753 2777 nallerius
792 2741 885 2776 I’ar.
916 2741 950 2775 R
982 2739 1011 2785 (l
1052 2742 1123 2775 del.
1161 2751 1188 2776 s.
1228 2740 1297 2785 m.)
1366 2739 1545 2787 ualearius
1584 2737 1754 2784 Sanyall.

240 2798 414 2834 nalearius
449 2798 602 2834 Gruter.
636 2788 808 2834 Ῐζανοῖίν.
954 2797 1069 2831 ancias
1101 2797 1194 2831 Par.
1218 2797 1252 2832 R
1282 2808 1341 2841 pr.
1374 2807 1419 2830 m.
1451 2806 1552 2830 corr.
1585 2804 1613 2829 s.
1646 2805 1691 2829 m.

241 2856 301 2889 11.
335 2854 534 2890 consultam
568 2855 688 2890 Bern.
719 2866 781 2899 pr.
814 2866 860 2888 m.
894 2864 996 2888 corr.
1029 2863 1057 2887 s.
1090 2865 1135 2888 m.

353 2905 423 2958 17,
459 2910 519 2945 14.
554 2915 648 2945 esset
679 2916 713 2944 et
746 2911 777 2944 in
812 2910 868 2945 ecl.
899 2910 1023 2954 princ.

1784 1291 1814 1316 10
