1884 3213
232 229 405 260 Lxxxx]
550 218 611 248 1er
638 215 946 247 ffl'lzir'rcu‘zvm
976 215 1102 246 vl'rls
1132 216 1190 246 ΕΤ
1219 215 1434 247 SCRIPTIS

231 341 312 370 tum
346 339 397 369 1-51
438 332 593 368 Ι.111111111
636 331 695 375 11“ι·.
738 328 799 366 lu.
838 326 900 366 13.
939 326 1000 366 17.
1039 326 1101 366 18.
1139 327 1202 366 19.
1235 326 1302 379 26)
1346 330 1511 367 Graecis
1543 329 1753 368 annualibus

233 400 342 438 Fabii
375 411 488 436 usum
520 410 617 437 0550,
652 409 741 435 cum
777 398 822 434 Ι’1·.
856 394 910 433 23
942 395 1108 434 Fabium
1143 397 1398 440 historicum,
1441 398 1508 448 qui
1550 397 1752 436 Gallorum

234 468 335 506 lwllo
376 479 408 505 a.
441 462 536 504 225.
568 462 651 503 529
690 464 921 503 interfuerit
951 486 1007 490 —
1038 477 1234 503 consensu
1277 466 1384 503 enim
1423 466 1556 503 Orosii
1596 470 1635 503 et
1675 465 1754 504 Eu-

233 535 353 585 tropii
383 534 491 572 Liuii
524 532 646 571 uerba
679 545 751 571 nos
783 532 915 582 legere
947 532 1138 571 docemur
1166 555 1232 576 —‚
1265 534 1314 571 fr.
1338 529 1392 571 26
1413 532 1580 571 Fabium
1613 545 1755 584 aequa-

234 603 308 640 11·111
342 600 721 640 110111113111111131101
754 612 794 638 50
835 604 1037 638 auctorem
1077 600 1224 638 habere
1265 600 1412 639 diserte
1455 600 1581 644 dieat,
1622 602 1670 639 fr.
1706 598 1758 639 lo

233 676 270 708 1-1,
305 667 353 707 17
386 670 621 720 scriptorem
654 669 999 719 antispiissimum‚
1034 669 1081 706 l'r.
1118 665 1169 707 13
1200 668 1343 706 Pisone
1383 669 1650 719 antiquiorem
1690 681 1755 719 ap-

236 737 365 788 pellet,
400 739 447 776 l'r.
484 734 533 774 18
566 737 606 774 in
639 736 933 787 antiquissimis
965 735 1232 786 scriptoribus
1264 740 1403 787 ponat,
1445 736 1493 773 fr.
1530 732 1581 774 19
1612 740 1756 778 autem,

237 804 302 843 ubi
334 804 572 855 simpliciter
604 816 694 842 011111
725 802 891 842 Fabium
923 802 1034 848 dicit,
1069 803 1191 842 alium
1223 803 1402 842 eiusdem
1434 804 1609 842 nominis
1641 804 1758 843 intel-

236 873 379 911 lexisse
413 873 476 910 uix
516 873 567 910 sit
605 870 814 910 credibile.
877 871 974 910 adde
1020 871 1124 923 quod
1163 872 1212 910 fr.
1248 869 1299 910 13
1338 871 1548 922 Tarquinii
1587 871 1759 923 Superbi

238 939 444 978 manubias
476 940 702 978 Pometinas
734 940 976 990 scriptorum
1001 940 1247 979 Graecorum
1279 951 1388 978 more
1421 940 1604 978 aestimat
1634 939 1759 978 talen-

238 1006 326 1046 1151
407 1007 530 1045 Porro
563 1007 716 1045 Plinius
748 1009 796 1046 l'r.
829 1004 884 1045 24
916 1008 1045 1058 ipsum
1078 1006 1245 1046 Fabium
1276 1007 1323 1045 de
1355 1019 1398 1045 re
1431 1007 1620 1058 quadam,
1661 1020 1761 1059 quae

240 1075 343 1114 110110
375 1075 581 1125 Ligustino
622 1077 697 1126 ipsi
737 1076 946 1117 acciderit,
990 1074 1218 1126 loquentem
1249 1074 1423 1119 inducit,
1464 1087 1536 1114 uec
1577 1080 1657 1119 est,
1691 1087 1762 1113 0111·

238 1143 362 1181 allero
395 1143 480 1181 1000
538 1144 584 1180 1“ι·.
618 1141 707 1193 27„
748 1142 817 1180 11111
864 1142 977 1181 Fabii
1018 1143 1188 1181 Pictoris
1235 1142 1397 1181 annales
1438 1142 1591 1187 laudat,
1641 1143 1762 1181 alium

241 1216 469 1261 usurpatum
503 1224 587 1248 0551·
621 1210 810 1249 (1103111115.
826 1208 853 1261 ⁴²)
916 1210 1057 1249 Plures
1088 1210 1233 1251 Fabios
1273 1215 1387 1249 notos
1419 1211 1543 1249 fuisse
1575 1211 1760 1250 Ciceroni

240 1390 318 1410 cum
345 1378 418 1410 illis
450 1379 558 1410 rebus
591 1378 754 1421 aequalis
786 1383 898 1420 atque
932 1384 1081 1412 senator
1112 1380 1264 1420 fuisset,
1302 1390 1475 1411 summam
1514 1380 1619 1411 fidem
1651 1379 1764 1412 tribu-

239 1439 353 1475 erent,
381 1434 561 1467 conclusit
587 1444 630 1466 ex
654 1435 733 1476 ipso
760 1435 845 1466 libri
870 1435 978 1467 titulo
1011 1435 1095 1467 illos
1128 1437 1344 1478 cognouisse
1377 1441 1409 1468 et
1433 1435 1518 1469 bello
1552 1437 1680 1468 Punico
1712 1447 1764 1469 se-

239 1494 345 1524 eundo
370 1493 571 1533 scriptorem
595 1491 792 1531 interfuisse
818 1496 850 1523 ec
874 1493 1080 1524 senatorium
1102 1493 1221 1532 fuisse.
1260 1503 1340 1524 cum
1366 1496 1489 1524 autem
1514 1496 1553 1524 ut
1577 1492 1630 1525 ita
1654 1493 1765 1525 Fabii

242 1549 406 1581 Graecae
440 1547 618 1580 historiae
653 1547 943 1580 inscriberentur
981 1548 1058 1580 fieri
1096 1559 1166 1580 non
1206 1549 1407 1591 potuisset,
1446 1552 1488 1581 ut
1525 1559 1613 1581 uero
1651 1549 1765 1589 libris,

242 1604 371 1646 quibus
396 1604 505 1636 Fabii
529 1604 658 1646 proaui
684 1603 840 1636 annales
864 1604 999 1636 Latine
1024 1605 1123 1637 uersi
1154 1605 1282 1637 inserti
1315 1609 1438 1646 erant,
1468 1604 1574 1637 fidem
1603 1609 1765 1646 pararet,

242 1660 396 1691 Fabium
421 1660 663 1692 recentiorem
688 1660 781 1692 haec
806 1661 843 1692 in
868 1660 976 1692 titulo
1002 1662 1168 1703 posuisse
1194 1662 1273 1693 ueri
1292 1665 1390 1694 esset
1409 1661 1540 1702 simile,
1568 1672 1590 1693 a
1612 1661 1766 1703 Polybio

244 1726 313 1748 non
339 1716 500 1748 Graecos
526 1716 678 1748 annales
706 1716 860 1749 Pictoris
885 1717 985 1749 illius
1013 1717 1174 1759 antiqui,
1207 1717 1273 1750 sed
1298 1718 1454 1750 Latinos
1479 1718 1587 1750 Fabii
1611 1718 1766 1750 recenti-

243 1772 315 1804 oris
340 1772 377 1803 in
403 1782 505 1803 usum
531 1775 681 1804 uocatos
708 1783 800 1806 esse.
849 1773 920 1806 Sed
951 1774 1104 1815 primurn
1135 1773 1229 1806 unde
1261 1773 1391 1807 Pluess
1423 1773 1633 1806 adcuratam
1666 1774 1767 1807 illam

245 1828 289 1859 de
314 1827 434 1860 titulis
459 1838 580 1860 eorum
605 1829 804 1870 annalium,
832 1831 892 1872 qui
919 1841 962 1861 ex
987 1830 1073 1862 aliis
1099 1831 1276 1873 exscripti
1301 1833 1417 1870 erant,
1442 1831 1611 1863 notitiam
1628 1830 1766 1863 habet?

245 1884 389 1916 omnino
415 1885 513 1916 enim
537 1882 630 1916 nihil
655 1885 697 1917 de
725 1886 778 1918 eis
804 1897 824 1917 a
850 1887 1039 1918 ueteribus
1064 1886 1236 1918 traditum
1264 1890 1331 1918 est.
1365 1891 1455 1928 tum,
1480 1889 1520 1918 ut
1537 1897 1617 1919 cum
1641 1886 1767 1919 Plues-

245 1941 298 1972 sio
324 1940 468 1982 Polybii
493 1941 606 1973 uerba
633 1952 802 1983 premam,
829 1953 900 1974 non
926 1942 1146 1985 respondent
1172 1944 1268 1975 inter
1294 1953 1332 1975 se
1359 1953 1401 1975 ea
1434 1953 1526 1985 quae
1551 1942 1682 1976 Pluess
1706 1953 1766 1976 uo-

246 1997 325 2037 luit,
351 1995 415 2029 sed
438 1991 533 2038 πρὸς
558 1992 628 2038 τήν
653 1993 874 2041 ἐπιγραφήν
907 2003 943 2031 et
967 1993 1028 2031 ἐπ’
1057 1993 1177 2033 αὐτὸν
1209 1995 1276 2032 τὸν
1303 1996 1474 2042 λέγοντα,
1500 2003 1577 2032 tum
1600 1995 1695 2041 πρὸς
1720 1992 1767 2032 τά

246 2047 447 2095 πράγματα
473 2056 511 2084 et
535 2047 598 2085 ἐπὶ
622 2048 668 2085 τὰ
697 2051 894 2097 λεγόμενα.
943 2056 1003 2087 uix
1029 2056 1143 2097 igitur
1168 2055 1262 2087 talia
1286 2055 1415 2088 Pluess
1440 2056 1608 2097 cuiquam
1635 2056 1766 2098 proba-

245 2109 352 2148 uerit,
377 2108 544 2152 idemque
571 2110 763 2142 dicendum
790 2115 847 2144 est
872 2111 916 2143 de
942 2113 1008 2152 eis,
1035 2122 1130 2153 quae
1156 2123 1189 2154 p.
1219 2113 1259 2143 14
1283 2112 1500 2154 disputauit,
1525 2115 1566 2143 ut
1589 2112 1768 2154 Dionysio

247 2164 353 2196 Fabii
379 2164 542 2197 Graecas
567 2166 741 2199 historias
766 2168 914 2210 ignotas
939 2168 1055 2200 fuisse
1082 2168 1363 2201 demonstraret.

340 2232 362 2273 ¹)
389 2232 444 2264 Cf.
472 2234 673 2276 Baumgart
699 2246 732 2277 p.
760 2237 810 2267 10.
859 2235 988 2267 Verbis
1014 2236 1278 2278 pepercissem,
1310 2237 1381 2268 nisi
1419 2235 1574 2268 Hal-less
1606 2246 1637 2278 p.
1663 2238 1682 2267 9
1709 2236 1768 2268 Li-

248 2289 344 2319 uium
370 2291 406 2320 et
431 2289 584 2322 Latinos
616 2296 651 2322 et
677 2289 838 2323 Graecos
872 2291 980 2323 Fabii
1010 2292 1163 2324 annales
1192 2296 1389 2334 respexisse
1420 2292 1629 2334 suspicatus
1660 2295 1768 2324 esset.

248 2354 361 2375 causa
387 2349 508 2377 tamen
534 2356 640 2387 quam
666 2346 790 2378 adfert
814 2347 860 2378 ad
885 2348 1133 2379 coniecturam
1160 2358 1261 2380 suam
1287 2347 1548 2380 stabiliendam
1574 2347 1674 2380 nulla
1700 2351 1767 2380 est.

250 2401 369 2432 Etiam
399 2402 530 2433 Nissen
562 2400 715 2444 (ffnters.
748 2414 781 2444 p.
807 2404 864 2443 41)
902 2408 938 2435 et
970 2403 1096 2436 Pluess
1136 2404 1195 2444 (de
1222 2403 1325 2436 Cinc.
1353 2414 1386 2445 p.
1413 2404 1487 2445 15),
1526 2404 1587 2445 qui
1625 2404 1770 2436 Latinis

249 2467 350 2489 usum
376 2468 455 2489 esse
482 2458 625 2489 Liuium
651 2459 844 2490 annalibus
870 2460 1048 2491 Fabianis
1072 2460 1278 2501 opinantur,
1305 2470 1375 2491 non
1395 2460 1644 2501 probauerunt
1661 2460 1771 2492 certis

251 2514 488 2555 argumentis.

338 2569 365 2609 ²)
391 2569 512 2600 Etiam
538 2570 596 2600 liic
622 2571 760 2601 errauit
790 2571 941 2602 Harless
973 2581 1005 2612 p.
1030 2574 1051 2603 9
1082 2571 1178 2611 apud
1216 2571 1376 2603 Plinium
1414 2572 1567 2603 Latinos
1603 2575 1771 2604 auctores

252 2624 522 2667 intellegendos
548 2635 629 2657 esse
655 2626 872 2666 arbitratus,
906 2626 1002 2668 qnod
1027 2627 1164 2658 Fabius
1190 2627 1226 2658 in
1252 2626 1436 2660 indicibus
1461 2627 1643 2659 Plinianis
1668 2637 1770 2659 num-

252 2690 357 2720 quam
383 2691 453 2713 non
479 2682 516 2712 in
542 2691 664 2714 eorum
693 2683 910 2724 scriptorum
937 2692 1084 2714 numero
1111 2683 1406 2724 conspiceretur,
1440 2683 1501 2724 qui
1533 2683 1668 2716 Latino
1694 2694 1770 2716 ser-

253 2745 355 2768 mone
380 2738 435 2768 usi
461 2743 595 2770 essent.
633 2738 696 2769 sed
723 2738 891 2780 opinione
917 2748 1063 2780 prorsus
1096 2738 1193 2770 falsa
1218 2738 1374 2779 ducitur,
1400 2749 1483 2771 narn
1509 2750 1580 2771 non
1606 2750 1770 2773 sermone

255 2790 422 2823 librorum
460 2793 523 2824 sed
553 2795 695 2836 origine
726 2795 908 2826 bominum
945 2794 1106 2826 secernit
1136 2794 1280 2827 Plinius
1311 2795 1485 2829 homines.
1538 2796 1587 2827 cf.
1614 2799 1654 2828 ut
1678 2795 1770 2828 alios

255 2847 427 2884 omittam,
455 2848 527 2880 ind.
557 2849 637 2882 libr.
662 2850 748 2890 XII,
780 2842 842 2882 ubi
875 2851 911 2881 in
944 2850 1114 2882 Romanis
1141 2851 1353 2883 auctoribus
1385 2854 1458 2882 est:
1492 2851 1632 2883 Sextius
1664 2852 1771 2893 Niger

255 2904 311 2943 qni
337 2904 465 2934 Graece
491 2906 532 2935 de
557 2907 608 2935 dix
632 2907 779 2947 scripsit.
831 2906 902 2937 ind.
928 2906 990 2939 lib.
1019 2905 1150 2938 XVIII.
1174 2907 1250 2938 item
1279 2907 1316 2937 L.
1349 2906 1525 2948 Tarutius,
1558 2908 1616 2949 qui
1640 2906 1769 2938 Graece
