1884 3213
232 805 289 860 (l.
328 805 711 870 SEMPRONH
754 807 1068 864 GRACCHI
1111 808 1206 862 AD
1234 810 1303 863 M.
1338 809 1755 866 POMPONIVM

886 911 1106 965 LIBER

346 1043 387 1084 l.
420 1045 546 1084 Cicer.
570 1046 619 1084 de
649 1047 774 1084 cltum.
796 1046 821 1083 J
852 1043 914 1091 18,
938 1044 991 1085 36
1022 1047 1081 1085 Ti.
1115 1047 1334 1091 Gracchus,
1367 1046 1501 1085 Publii
1535 1047 1652 1090 lilius,
1685 1049 1751 1098 qui

231 1113 292 1151 bis
324 1114 463 1152 consul
496 1118 533 1151 et
572 1126 715 1152 censor
746 1114 822 1152 fuit
861 1114 1044 1166 idemque
1077 1119 1115 1153 ct
1149 1127 1328 1153 summus
1371 1126 1497 1165 augur
1528 1120 1566 1153 et
1597 1116 1662 1153 uir
1693 1127 1752 1154 sa-

230 1183 343 1232 piens
381 1182 564 1232 cinisque
610 1186 836 1232 praestans,
884 1194 1036 1227 nonne,
1083 1187 1125 1221 ut
1164 1182 1204 1221 C.
1246 1182 1468 1227 Gracchus,
1509 1182 1614 1221 filius
1653 1183 1751 1227 eius,

228 1251 424 1301 scriptum
456 1249 633 1301 reliquit,
667 1249 822 1288 duobus
845 1249 1043 1300 anguibus
1065 1249 1171 1289 domi
1202 1250 1490 1302 conprehensis
1518 1250 1753 1301 haruspices

228 1317 491 1356 conuocauit?
552 1319 621 1369 qui
652 1330 743 1357 cum
775 1317 1096 1369 respondissent,
1141 1319 1175 1357 si
1206 1330 1356 1357 marem
1388 1319 1605 1363 emisisset,
1638 1318 1754 1356 uxori
1778 1331 1794 1356 5

228 1384 344 1424 breui
383 1390 564 1437 tempore
596 1398 682 1425 esse
721 1385 997 1429 moriendum,
1031 1387 1065 1424 si
1096 1387 1306 1431 feminam,
1341 1387 1437 1437 ipsi,
1471 1387 1635 1438 aequius
1667 1398 1751 1424 essc

227 1454 405 1498 censuit,
448 1466 489 1491 se
521 1459 717 1493 maturam
756 1458 947 1505 oppetere
990 1459 1159 1492 mortem
1191 1466 1308 1505 quam
1340 1453 1381 1492 P.
1413 1455 1593 1492 Africani
1631 1453 1750 1492 filiam

227 1521 537 1560 adulescentem.
605 1521 809 1561 Feminam
856 1523 1009 1567 emisit,
1059 1522 1142 1572 ipse
1189 1522 1327 1572 paucis
1372 1526 1460 1572 post.
1507 1520 1648 1559 diebus
1694 1525 1752 1559 est

226 1594 419 1627 mortuus.

314 1755 350 1790 1.
390 1757 542 1789 Eandem
573 1767 641 1788 rem
671 1758 837 1799 significat
872 1757 990 1789 Cicero
1021 1758 1055 1789 in
1087 1759 1197 1789 altero
1228 1759 1270 1790 de
1302 1758 1404 1789 dinin.
1432 1758 1516 1789 libro
1542 1759 1596 1798 29,
1621 1758 1681 1789 62:
1708 1757 1748 1792 C.

226 1802 303 1843 (om.
336 1802 497 1843 Vz'mlob.)
524 1802 748 1834 Gracchus
775 1802 935 1845 (grachus
964 1803 1063 1835 Voss.
1084 1803 1132 1843 B)
1167 1802 1217 1834 ad
1247 1803 1295 1834 M.
1321 1803 1608 1845 Pomponium
1641 1803 1751 1835 scri-

226 1848 318 1890 psit
350 1847 496 1887 (scribit
527 1847 625 1879 Voss.
651 1848 682 1878 A
712 1859 767 1889 pr.
794 1848 850 1888 m.)
879 1847 1020 1880 duobus
1053 1848 1234 1889 anguibus
1268 1848 1364 1880 domi
1401 1848 1658 1890 conprehensis
1690 1848 1751 1879 ha-

225 1893 389 1935 ruspices
422 1904 443 1924 a
475 1895 578 1934 patre
611 1895 842 1928 conuocatos.
870 1910 910 1914 —
941 1903 1007 1935 ego
1039 1896 1163 1924 tamen
1196 1893 1320 1933 miror,
1354 1894 1385 1925 si
1418 1893 1563 1925 emissio
1595 1893 1750 1925 feminae

225 1939 356 1980 anguis
381 1943 532 1970 mortem
558 1937 753 1969 adferebat
779 1938 834 1970 Ti.
857 1937 1034 1978 Graccho,
1063 1938 1209 1970 emissio
1235 1941 1358 1970 autem
1382 1938 1488 1970 maris
1516 1939 1646 1980 anguis
1672 1941 1751 1970 erat

225 1983 412 2015 mortifera
436 1982 637 2023 Corneliae,
663 1993 725 2014 cur
749 1983 903 2015 alteram
928 1986 1048 2014 utram
1074 1984 1249 2016 emiserit.
1298 1983 1389 2015 nihil
1421 1984 1516 2015 enim
1542 1984 1670 2015 scribit
1696 1994 1749 2014 rc-

226 2028 416 2070 spondisse
440 2028 672 2071 haruspices,
706 2028 737 2060 si
770 2031 900 2060 neuter
930 2029 1061 2070 anguis
1086 2028 1237 2060 emissus
1263 2032 1378 2069 esset,
1413 2028 1498 2070 quid
1533 2032 1630 2060 esset
1655 2028 1750 2060 futu—

226 2084 312 2105 rum.
363 2077 402 2105 at
433 2084 528 2107 mors
559 2074 726 2105 insecuta
758 2073 962 2105 Gracchum
980 2054 1058 2105 e>est.
1108 2084 1154 2105 ea:
1186 2074 1349 2105 Cicerone
1387 2074 1545 2105 Valerius·
1578 2074 1750 2125 Macyz‘mus

227 2119 317 2151 IIII
341 2121 430 2160 6,1.
479 2120 524 2171 ef.
545 2120 631 2151 Plztt.
654 2119 703 2150 Ti.
725 2119 866 2151 Gracch
888 2120 903 2150 1
932 2110 1051 2152 Οὗτοι
1074 2117 1253 2174 Τιβερίου
1278 2112 1458 2168 Γράγχου
1474 2117 1626 2169 παῖδες
1639 2115 1749 2161 ἠσαν,

225 2156 252 2204 ᾧ
266 2176 416 2214 τιμητῃ
441 2175 480 2197 τε
501 2159 696 2215 Ρωμαίων
721 2160 911 2216 γενομένῳ
947 2162 1013 2195 καὶ
1046 2161 1106 2201 δὶς
1139 2157 1399 2196 ὑπατεύσαντι
1432 2161 1498 2196 καὶ
1529 2157 1654 2217 θριαμ
1658 2162 1748 2207 βους

225 2197 296 2242 δύο
320 2205 578 2253 καταγαγόντι
604 2203 863 2263 λαμπρότερον
889 2206 936 2257 ἠν
954 2204 995 2241 τὸ
1021 2203 1097 2241 α’πὸ
1116 2206 1184 2251 τῆς
1201 2203 1337 2251 αρετῆς
1355 2203 1517 2258 αξίωμα.
1536 2226 1579 2231 —
1597 2174 1748 2262 λεγεται

225 2252 267 2287 δέ
293 2265 384 2287 ποτε
418 2253 622 2307 συλλαβεῖν
655 2249 776 2287 αὐτὸν
802 2249 863 2287 ἐπι
895 2265 962 2304 της
988 2253 1120 2307 κλίνης
1152 2252 1282 2308 ζεῦγος
1315 2248 1555 2295 δρακόντων,
1588 2264 1676 2292 τους
1703 2250 1747 2286 δὲ

222 2294 379 2342 μάντεις
405 2298 674 2353 σκεψαμένους
699 2294 740 2332 τὸ
766 2296 875 2341 τέρας
901 2309 1018 2352 αμφω
1042 2295 1112 2353 μὲν
1137 2293 1205 2331 οὐκ
1239 2294 1308 2332 εἀν
1332 2298 1489 2332 ἀνελεῖν
1515 2295 1607 2351 ουᾷε
1635 2293 1747 2350 αφεῖ-

208 2356 302 2386 μναι,
327 2343 413 2398 περι
442 2342 483 2377 ὃε
509 2343 678 2395 θατέρου
704 2343 886 2398 διαιρεῖν,
913 2355 960 2382 ως
986 2354 1005 2376 ο
1032 2355 1103 2385 μεν
1128 2338 1252 2387 ἅρόην
1276 2343 1326 2396 τῷ
1349 2343 1510 2397 Τιβερίῳ
1537 2340 1644 2397 φέροι
1674 2340 1747 2376 θα-

223 2401 340 2422 νατον
364 2387 605 2440 ἀναιρεθείς,
637 2385 659 2431 ἡ
688 2386 731 2423 δε
756 2385 899 2432 θήλεια
931 2386 975 2431 τῇ
1009 2388 1215 2439 Κορᾚηλιἀ
1267 2386 1334 2422 τὸν
1365 2399 1433 2422 ουν
1470 2385 1649 2432 Τιβέριον
1679 2387 1744 2421 καὶ

225 2433 414 2476 φιλοῦντα
446 2430 531 2487 τὴν
547 2437 714 2490 γυναῖκα
746 2433 812 2467 καὶ
842 2434 988 2484 μᾶλλον
1020 2428 1123 2489 αὐτῷ
1154 2429 1361 2488 προσήκειν
1392 2427 1475 2467 ὄντι
1505 2429 1746 2478 πρεσβυτέρῳ

223 2480 404 2513 τελευτᾶν
435 2474 649 2523 ἡγούμενον
682 2477 735 2513 ἔτι
766 2476 857 2519 νέας
888 2489 1004 2522 ουσης
1036 2469 1186 2522 ἐκείνης
1217 2474 1284 2512 τὸν
1314 2490 1385 2522 μεν
1415 2474 1562 2522 α’ρᾆνα
1596 2481 1746 2512 κτεῖναι

339 2648 387 2700 1,
423 2653 457 2688 1.
496 2648 568 2701 Ti]
603 2651 665 2687 tibi
705 2653 811 2688 codd.
844 2651 986 2688 Christi
1154 2664 1190 2700 p.
1224 2651 1316 2688 lilius
1349 2653 1454 2689 codd.
1492 2650 1635 2688 Christi

224 2707 260 2743 ⁶2.
293 2708 470 2756 iidemque
513 2709 616 2744 Voss.
640 2708 676 2743 B
798 2708 835 2745 3.
866 2707 904 2743 G.
937 2708 1044 2744 codd.
1069 2708 1208 2744 Christi
1320 2707 1357 2745 4.
1388 2708 1539 2756 reliquid
1583 2708 1686 2744 Voss.
1711 2706 1744 2743 A

279 2765 554 2811 conpraehensis
588 2766 690 2802 Voss.
713 2760 766 2800 Λι
898 2775 1019 2812 arusp.
1052 2764 1154 2801 Leid.
1176 2765 1218 2800 H
1360 2765 1396 2802 6.
1436 2775 1550 2812 equus
1581 2764 1682 2800 Leia.
1706 2764 1748 2799 H

338 2821 372 2855 7.
407 2827 582 2857 maturum
614 2821 750 2857 Dctuis.
785 2822 879 2858 conl.
913 2821 1012 2857 Plut.
1157 2821 1193 2857 P.
1227 2833 1295 2859 om.
1339 2821 1441 2858 Voss.
1465 2820 1501 2855 B
1527 2832 1590 2867 pr.
1624 2832 1670 2856 m.

223 2875 365 2911 africani
397 2890 464 2913 om.
508 2878 612 2914 Voss.
634 2879 665 2914 Λ
691 2890 755 2925 pr.
789 2890 834 2913 m.
