1884 3213
227 205 419 236 ccxxnfl
591 195 656 226 DE
687 193 998 227 SCRIPTORVM
1024 193 1152 227 v1T1s
1177 193 1239 226 ET
1265 194 1483 228 50111ΡΤ15

230 312 413 349 historias
446 323 464 348 a
488 309 623 349 Coelio
656 309 778 347 lectas
811 321 910 352 esse,
943 307 1044 347 mihi
1077 320 1155 347 11011
1178 314 1237 346 est
1266 308 1489 360 probabile.
1532 311 1601 361 qui
1633 311 1754 355 enim,

228 381 257 417 si
293 380 477 425 legisset.
520 378 604 415 lieri
636 377 787 427 potuit,
828 382 871 414 ut
903 388 1027 414 unum
1059 389 1106 414 ex
1138 376 1207 415 illo
1248 378 1491 429 scriptorum
1521 377 1755 417 Hannibali-

227 459 365 484 ‹orum
397 458 531 495 grege,
564 458 682 496 quem
704 443 895 494 Polybius
927 444 1051 483 multa
1074 456 1164 483 eum
1197 444 1415 484 acerbitate
1439 444 1507 483 sed
1538 445 1643 484 haud
1675 447 1750 484 ini-

227 528 302 565 que
335 515 621 562 exagitauerat,
654 518 692 551 et
725 514 847 551 ineis
879 513 976 563 ipsis
1006 512 1167 563 quidem
1198 511 1334 557 rebus,
1363 526 1464 564 quae
1486 513 1755 564 reprehensae

228 588 355 622 erant.
388 586 623 632 sequeretur
655 586 693 619 et
725 580 977 619 imitaretur?
1025 592 1143 631 quam
1175 579 1226 618 ob
1258 592 1343 619 rem
1382 593 1602 620 consensus
1633 581 1756 621 Coelii

227 649 462 700 Polyhiiqne
504 661 550 687 ex
584 649 775 687 eomnuni
814 648 993 687 eiusdem
1031 648 1154 686 fontis
1185 660 1260 687 usu
1298 648 1541 700 repetendus
1579 661 1664 688 esse
1696 651 1755 688 ui-

230 717 382 755 deatur.
400 715 423 768 ¹)

340 785 391 823 Es
422 784 484 822 his
524 789 655 823 autem
688 797 787 835 quae
827 783 943 823 modo
976 784 1291 835 disputanimus,
1333 785 1516 834 exiguam
1550 785 1666 824 iidem
1698 786 1756 824 eis

228 850 434 904 l'al›ulis'²)‚
476 865 572 903 quas
605 854 644 891 in
678 852 885 891 rhetorum
918 853 1161 891 Graecorum
1201 864 1354 891 morem
1386 854 1649 905 interposuit,
1688 853 1755 892 ha-
1810 892 1814 902 Δ

230 921 397 959 lwndam
430 933 514 958 esse
547 934 615 959 sua
649 926 788 972 sponte
821 920 997 971 adparet.
1059 921 1101 958 in
1134 921 1279 958 ceteris
1318 919 1441 959 rebus
1472 926 1637 973 propter
1669 933 1753 959 eam

228 1002 345 1040 quam
378 1001 495 1039 supra
537 988 711 1026 uidimus
745 989 785 1026 in
824 987 1004 1027 sontibus
1035 986 1274 1026 adhibendis
1315 993 1353 1027 et
1385 989 1665 1028 examinandis
1696 988 1755 1027 ‹li-

228 1057 433 1107 ligentiam
476 1057 562 1094 eius
603 1057 820 1094 auctoritas
857 1057 986 1094 maior
1025 1056 1150 1094 fuisse
1194 1056 1373 1101 uidetur,
1423 1069 1551 1108 neque
1591 1064 1649 1096 est
1685 1069 1757 1095 cur

230 1124 385 1163 laudem
418 1137 437 1162 a
470 1124 625 1162 Valerio
657 1124 827 1162 Maximo
861 1123 889 1173 (l
922 1122 966 1167 7,
999 1121 1036 1173 6)
1071 1125 1107 1161 ei
1140 1123 1331 1162 tributam
1364 1125 1541 1163 ‘certum
1574 1137 1664 1163 eum
1695 1124 1755 1163 hi-

228 1194 375 1230 storiae
415 1192 614 1230 Romanae
654 1193 880 1229 auetorem’
915 1193 1038 1230 fnisse
1078 1192 1345 1230 detrahamus.
1409 1193 1449 1231 in
1487 1205 1566 1231 una
1597 1192 1756 1244 quidem

229 1273 270 1297 re
304 1262 421 1298 etiam
457 1272 562 1298 nune
594 1273 683 1297 eum
723 1273 741 1297 a
781 1272 852 1298 suo
892 1272 970 1297 non
1010 1272 1029 1297 a
1062 1261 1251 1298 eomnuni
1290 1261 1468 1298 omnium
1507 1260 1657 1299 iudicio
1688 1272 1756 1311 pe-

232 1328 416 1378 pendisse
448 1329 664 1366 cernimus.
728 1340 818 1365 eum
850 1329 956 1365 enim
988 1327 1168 1377 uulgaris
1200 1328 1302 1366 sama
1335 1327 1555 1372 obtineret,
1595 1328 1638 1367 P.
1671 1328 1755 1367 Sci—

230 1398 389 1446 pionem
422 1395 628 1434 eonsulcm
651 1408 671 1433 a
704 1395 784 1433 lilio
808 1397 849 1433 in
881 1395 1034 1446 proelio
1056 1395 1260 1434 Ticiniensi
1292 1400 1495 1434 seruatum
1518 1408 1616 1441 0550,
1650 1397 1755 1435 01115-

229 1476 304 1514 que
340 1464 397 1501 rei
430 1465 548 1501 etiam
582 1463 621 1501 C.
646 1463 803 1501 Laelius
836 1468 976 1501 auctor
1007 1468 1111 1501 esset
1146 1461 1263 1513 (apud
1295 1462 1432 1513 Polyb.
1456 1463 1489 1501 X
1510 1462 1564 1516 3),
1599 1464 1757 1503 Coelius

228 1533 378 1570 seruati
411 1531 588 1569 consulis
620 1530 742 1568 decus
773 1530 819 1568 ad
852 1543 1014 1568 seruum
1046 1531 1207 1568 natione
1238 1531 1427 1581 Ligurem
1459 1531 1660 1582 delegauit
1692 1530 1755 1582 (sr.

232 1598 309 1649 17).
371 1598 448 1635 Sed
480 1599 553 1636 etsi
585 1598 676 1635 hine
710 1598 900 1648 quaedam
936 1600 974 1636 in
1007 1598 1216 1649 Scipiones
1247 1598 1474 1649 malignitas
1505 1600 1664 1639 elucere
1696 1601 1755 1638 ui-

230 1667 365 1709 detur,
407 1666 642 1716 plerumque
684 1671 814 1704 tamen
853 1665 1054 1704 nohilitati
1096 1667 1135 1704 in
1176 1666 1343 1705 historia
1376 1668 1476 1705 fauit
1507 1669 1755 1719 maximeque

233 1736 271 1771 in
312 1735 352 1771 (ὲ.
392 1733 680 1773 Flaminimnu.
731 1732 777 1770 de
816 1746 894 1784 quo
935 1735 1052 1771 etiam
1091 1746 1111 1771 a
1151 1733 1315 1784 Polybio
1356 1736 1492 1788 inique
1539 1735 1755 1780 iudicatur,

230 1813 367 1838 earum
400 1802 571 1851 partium
606 1802 704 1839 iram
737 1806 775 1838 et
807 1801 1000 1840 inuidiam
1040 1803 1267 1840 euomuisse
1298 1802 1474 1841 uidetur.
1527 1816 1617 1841 cum
1649 1804 1755 1842 enim

232 1870 270 1906 in
303 1869 511 1907 consulatu
543 1882 614 1907 suo
647 1874 804 1919 patrum
836 1869 1083 1907 uoluntatem
1116 1875 1154 1908 et
1177 1871 1368 1921 auspicia,
1402 1883 1502 1921 quae
1535 1883 1656 1922 penes
1688 1884 1754 1922 pa—

231 1943 311 1973 tres
344 1942 497 1979 05511111,
538 1939 669 1974 minus
701 1942 873 1979 curaret,
907 1937 964 1975 illi
997 1950 1087 1975 cum
1127 1950 1205 1976 non
1238 1951 1327 1976 cum
1366 1943 1506 1976 senatu
1538 1938 1655 1977 modo
1686 1939 1754 1977 sed

231 2006 349 2041 etiam
383 2017 470 2042 1-11111
505 2004 565 2041 dis
598 2004 878 2042 inmortalibus
910 2004 1060 2043 bellum
1091 2018 1232 2055 gerere
1264 2007 1467 2044 criminati
1499 2011 1609 2050 sunt,
1649 2019 1753 2045 eam-

230 2086 305 2123 que
339 2072 390 2110 ob
422 2085 601 2115 eausam,
635 2072 739 2123 quod
773 2072 1007 2122 religionem
1040 2079 1076 2111 et
1109 2075 1220 2124 signa
1261 2086 1395 2112 rerum
1427 2074 1654 2113 suturarum
1686 2086 1753 2112 110-

230 2140 417 2187 glexisset
451 2140 513 2189 (l'r.
552 2137 614 2177 15).
646 2138 729 2192 20),
764 2141 810 2178 ad
842 2141 1146 2180 Trasimennum
1178 2142 1372 2181 cecidisse
1405 2154 1494 2180 cum
1528 2154 1669 2192 magno
1694 2143 1754 2179 rei

324 2330 349 2372 ¹)
376 2331 526 2363 Praeter
551 2331 652 2363 locos
680 2344 700 2363 ιι
727 2333 832 2365 nobis
858 2333 893 2364 in
921 2333 1045 2366 adnot.
1073 2333 1258 2366 indicatos
1285 2334 1397 2366 etiam
1422 2334 1466 2366 de
1494 2333 1570 2366 alia
1594 2344 1633 2366 re
1658 2332 1753 2365 haud

231 2387 327 2419 lenis
352 2388 523 2419 momenti
550 2388 642 2418 1110111
671 2390 716 2419 ab
744 2390 797 2420 015
817 2389 990 2421 traditum
1017 2394 1126 2431 esset,
1153 2391 1183 2422 si
1202 2391 1392 2422 Cremonis
1416 2391 1551 2432 iugum,
1578 2400 1642 2432 per
1660 2389 1753 2432 quod

231 2443 377 2475 Coelius
394 2443 506 2485 Alpes
532 2444 775 2476 Hannibalem
803 2447 995 2477 transiisse
1021 2447 1221 2488 scripserat
1247 2446 1306 2487 (fr.
1327 2446 1395 2489 15),
1423 2457 1461 2478 re
1486 2456 1575 2478 uera
1601 2447 1631 2478 is
1654 2455 1754 2478 mons

231 2505 332 2532 esset
363 2500 425 2541 qui
458 2510 552 2531 nune
585 2499 719 2531 dieitur
750 2502 910 2533 Crumont
941 2502 998 2534 uel
1033 2504 1192 2535 (imment
1226 2507 1263 2535 et
1294 2513 1407 2545 prope
1438 2502 1475 2534 id
1505 2503 1629 2544 iugum
1660 2502 1753 2544 quod

231 2567 326 2588 nunc
365 2556 575 2597 adpellatur
611 2558 673 2587 der
709 2557 817 2587 leleine
849 2557 898 2588 St.
933 2558 1119 2590 Bernhard
1155 2559 1245 2591 situs
1283 2562 1348 2594 est,
1398 2558 1526 2591 eadem
1563 2558 1659 2590 enim
1694 2558 1784 2603 uia-

233 2614 341 2644 etiam
375 2612 573 2644 secundum
600 2611 791 2653 Polybium
823 2613 1008 2645 Hannibal
1033 2615 1145 2656 Alpes
1179 2617 1393 2648 transierat.
1443 2614 1505 2647 sed
1536 2623 1754 2656 quamquam

232 2670 267 2700 in
294 2669 364 2700 hac
390 2670 576 2701 sententia
601 2678 726 2700 omnes
752 2669 829 2700 sere
856 2669 924 2700 uiri
949 2669 1047 2702 docti
1072 2672 1286 2713 concinunt,
1312 2675 1434 2703 tamen
1458 2671 1495 2702 in
1521 2670 1600 2703 sola
1623 2670 1755 2702 nititur

232 2726 414 2756 nominum
440 2724 698 2765 similitudine,
733 2735 826 2767 quae
853 2726 978 2757 1105010
1004 2736 1051 2757 an
1082 2727 1158 2759 solo
1185 2738 1272 2760 casu
1304 2732 1384 2760 orta
1409 2729 1474 2767 sit,
1507 2737 1587 2758 eum
1612 2725 1753 2758 hodier-

233 2791 314 2811 num
342 2791 470 2813 nomen
497 2781 724 2823 probabilius
750 2792 793 2813 ex
816 2783 930 2823 grand
952 2787 1041 2813 mont
1066 2783 1243 2824 originem
1270 2784 1393 2817 ducat.

321 2835 348 2877 ²)
376 2837 517 2869 Similia
549 2842 672 2870 tamen
704 2837 785 2879 plus
817 2838 1082 2880 quinquaginta
1114 2841 1219 2871 annis
1251 2844 1333 2883 post
1371 2841 1480 2873 etiam
1513 2841 1659 2873 Tubero
1692 2839 1752 2882 qui

233 2892 409 2934 legerent,
436 2894 586 2926 credere
612 2894 741 2926 uoluit.
792 2895 864 2926 uid.
892 2895 935 2926 fr.
962 2896 994 2927 9.
