1884 3213
205 209 287 253 2711
823 208 1125 251 0110111011Αο

206 327 253 365 ab
295 325 458 377 regibus
498 324 810 378 ciuitatilmsque
850 337 921 377 per
960 324 1045 364 11105
1084 324 1222 364 decem
1260 325 1369 364 feeit.
1430 324 1601 377 legatum
1642 337 1731 365 eum

205 400 292 445 111151.
337 394 634 433 111111111111111110111
679 399 717 433 01
758 393 861 431 1101111
908 393 1069 431 uendita
1112 394 1276 431 missum
1320 394 1359 431 in
1390 393 1522 433 Asiam
1555 394 1600 432 ad
1633 394 1730 432 diri-

205 461 345 500 inenda
367 463 470 500 inter
485 462 724 500 Antiochum
744 466 782 499 et
799 461 1017 499 Eumenem
1036 472 1153 511 reges
1170 462 1388 499 certamina
1399 460 1579 500 Valerius
1597 462 1732 500 Antias

206 535 263 567 est
303 535 461 573 11111·1111·;
504 535 587 568 111111
628 529 804 568 0001111115
837 530 872 566 01
904 530 1096 579 pecunias
1128 534 1467 579 eongiwgatosque
1500 541 1570 579 per
1600 529 1732 567 Asiam

205 598 401 641 artifices,
435 602 472 635 et
503 609 673 649 quorum
705 595 891 635 ludorum
923 601 1011 647 post
1044 592 1206 641 bellum,
1239 597 1280 634 in
1311 608 1387 647 quo
1419 601 1534 634 notos
1565 596 1729 639 diceret,

205 667 449 704 mentionem
482 678 560 704 11011
593 666 767 710 fecisset,
803 664 849 703 de
882 665 932 702 iis
964 668 1054 716 post
1085 663 1325 714 legationem
1348 663 1506 702 demum
1529 665 1569 702 in
1592 667 1731 702 senatu

204 738 349 772 actum.

318 798 393 839 47.
440 801 527 840 Lite.
566 800 836 839 XXXVIIII
870 798 943 844 41,
983 797 1010 838 5
1050 799 1278 838 Secundum
1319 799 1480 838 comitia
1519 810 1732 837 censorum

206 869 391 907 eonsules
422 874 706 919 praetoresque
739 869 778 905 in
811 868 1040 919 prouincias
1071 868 1243 918 profecti
1274 871 1433 917 praeter
1455 867 1499 912 Q.
1523 866 1730 910 Naeuium,

205 949 322 988 quem
354 942 542 987 quattuor
573 949 652 974 non
683 937 815 974 minus
847 947 1014 978 menses,
1048 936 1279 986 priusquam
1312 936 1351 972 in
1384 934 1609 973 Sardiniam
1642 935 1730 977 iret,

206 1005 460 1055 quaestiones
499 1005 707 1047 ueneficii,
747 1015 915 1054 quarum
947 1015 1128 1053 magnam
1160 1007 1313 1053 partem
1345 1008 1456 1040 extra
1488 1001 1628 1040 urbem
1661 1013 1732 1051 per

207 1073 426 1122 municipia
475 1070 821 1121 conciliabulaque
862 1069 1021 1114 habuit,
1069 1071 1160 1120 quia
1201 1071 1253 1107 ita
1293 1070 1425 1121 aptius
1463 1070 1595 1108 uisum
1635 1074 1731 1114 erat,

207 1144 434 1178 tenuerunt.
497 1140 529 1177 si
560 1140 708 1177 Antiati
741 1138 895 1176 Valerio
927 1137 1092 1176 eredere
1126 1137 1242 1181 libet,
1276 1136 1323 1175 ad
1355 1136 1432 1175 dno
1463 1137 1573 1175 milia
1605 1136 1732 1175 homi-

206 1220 300 1245 num
333 1208 547 1245 damnauit.

319 1272 394 1314 48.
428 1275 517 1313 L2'u.
539 1274 808 1313 XXXVIIII
826 1271 893 1322 43,
921 1272 940 1311 1
974 1272 1154 1311 Valerius
1184 1274 1333 1317 Antias,
1366 1279 1409 1311 ut
1441 1274 1508 1324 1101
1539 1284 1612 1311 nec
1645 1284 1730 1310 ora—

207 1345 354 1382 tionem
398 1343 556 1381 Catonis
601 1342 764 1392 legisset
810 1346 848 1380 et
886 1340 1044 1380 l'abulae
1085 1346 1238 1379 tantum
1278 1342 1363 1379 sine
1402 1345 1565 1379 auctore
1604 1339 1732 1378 editae

206 1411 462 1455 credidisset,
503 1410 611 1449 aliud
644 1414 941 1460 argumentum,
976 1408 1107 1447 simile
1138 1414 1271 1447 tamen
1303 1414 1340 1447 et
1372 1408 1539 1447 libidine
1571 1414 1609 1446 et
1640 1419 1732 1446 eru--

207 1479 368 1518 delitate
399 1480 569 1530 peragit.
622 1477 848 1516 Placentiae
881 1478 1073 1515 famosam
1105 1477 1328 1520 mulierem,
1361 1477 1476 1515 euius
1507 1487 1641 1514 amore
1664 1474 1730 1513 de-

206 1548 358 1597 periret
411 1544 476 1597 [L.
525 1546 730 1592 Quinclz'us
773 1543 1070 1596 Flamininus],
1123 1546 1164 1582 in
1215 1545 1450 1583 conuiuium
1495 1544 1731 1582 accersitam

207 1614 364 1653 scribit.
428 1613 486 1652 ibi
518 1615 730 1652 iactantem
763 1625 849 1651 5050
881 1618 1013 1651 500110
1046 1614 1151 1650 inter
1183 1616 1316 1651 cetera
1348 1611 1571 1655 rettulisse,
1614 1623 1731 1662 quam

207 1684 354 1721 acriter
394 1684 645 1732 quaestiones
685 1682 930 1719 exercuisset
962 1686 1000 1718 et
1031 1692 1147 1731 quam
1178 1679 1325 1718 multos
1356 1681 1497 1731 eapitis
1529 1678 1732 1717 damnatos

207 1851 260 1892 pit
284 1850 346 1892 Sp.
372 1851 559 1882 Postumio
585 1851 628 1890 Q.
657 1851 798 1882 Marcio
831 1861 938 1891 coss„
965 1853 1072 1882 tanta
1098 1849 1325 1882 abundantia
1350 1849 1529 1891 pecuniae
1562 1850 1660 1890 erat,
1692 1851 1732 1880 ut

211 1906 290 1927 eam
318 1897 503 1927 conferi-et
528 1896 570 1927 L.
597 1896 770 1937 Scipioni,
797 1906 838 1927 ex
865 1906 937 1936 qua
962 1896 994 1928 is
1018 1895 1121 1927 ludos
1148 1895 1250 1927 feeit.

296 1950 357 1984 47.
392 1952 502 1983 Etiam
528 1963 612 1994 qnae
637 1958 794 1984 secmzlur
819 1954 912 1993 apud
939 1953 1066 1984 Liuium
1090 1952 1213 1992 uerba,
1255 1951 1497 1984 H'ez'ssenborn
1522 1962 1555 1985 α.
1580 1951 1610 1983 lt.
1636 1952 1660 1983 l.
1685 1951 1732 1982 ad

208 1998 379 2029 Antiatem
404 2000 544 2031 rettulit.
593 1999 730 2029 eundem
755 1999 799 2037 (ms
827 1999 868 2029 de
893 2008 943 2030 r.e
1046 1990 1064 2006 ⁴

296 2052 362 2087 48.
393 2056 503 2087 Aliter
528 2060 629 2086 antea
649 2055 764 2085 mes
790 2059 1008 2094 mmmmm,
1034 2066 1094 2085 eur
1113 2055 1153 2085 Ι.
1176 2054 1347 2092 (mimum
1362 2058 1481 2084 senatu
1506 2057 1611 2084 motus
1628 2057 1729 2084 esset.

209 2100 411 2131 Plutarchus
436 2099 591 2151 (flumin.
612 2098 667 2141 18)
694 2093 929 2139 Οὐαλλέριος
955 2095 998 2131 δὲ
1023 2095 1165 2136 Ἀντίας
1198 2091 1267 2130 οὐκ
1300 2092 1472 2142 ἐρωμένῳ
1505 2095 1623 2139 φησὶν
1648 2090 1729 2129 ἀλλ’

209 2141 374 2189 ἐρωμένῃ
407 2144 520 2177 τοῦτο
552 2145 787 2187 χαρίσασθαι
824 2142 889 2176 τὸν
920 2138 1086 2176 Λεύκιον
1115 2145 1243 2175 [1111111771
1274 2145 1376 2174 uertit
1414 2132 1615 2183 (Q'uellend.
1640 2143 1728 2174 Plan.

206 2202 240 2231 p.
268 2189 339 2230 82).
387 2202 432 2222 em
457 2192 571 2223 codem
595 2202 655 2221 sua
680 2192 789 2221 lzansil
820 2191 977 2221 Valerius
1002 2189 1174 2221 Mna-imus
1198 2189 1243 2219 ll
1267 2190 1298 2227 9,
1325 2190 1344 2220 3
1371 2188 1483 2229 (hune,
1515 2199 1580 2220 uon
1612 2189 1731 2220 Antia-

209 2240 270 2266 tem
295 2236 445 2267 mllzilmit
470 2241 502 2267 et
526 2237 642 2267 citauit
668 2235 817 2267 loannes·
842 2235 1114 2266 saresberiensis
1141 2235 1264 2265 Polior.
1298 2233 1398 2264 VIII
1423 2233 1467 2272 9),
1492 2235 1597 2265 solam
1620 2237 1730 2264 tamen

204 2282 328 2320 l'ammn
358 2282 510 2312 Auliulz's
539 2286 681 2312 semitm.
732 2281 891 2312 bor-sitan
923 2281 1022 2311 eliam
1054 2280 1213 2310 Aurelius
1251 2279 1371 2310 Victor
1401 2279 1442 2309 de
1472 2289 1502 2309 u.
1533 2279 1577 2309 z'll.
1609 2279 1672 2318 47,
1708 2279 1729 2308 4

210 2326 348 2357 Antiate
374 2337 451 2358 usas
475 2327 535 2364 sic,
563 2337 632 2357 eum
658 2327 704 2357 im
729 2326 915 2357 scriberet:
955 2324 1092 2355 Censor
1116 2322 1241 2365 [Calo]
1265 2323 1307 2354 L.
1332 2322 1574 2354 Flamininum
1601 2332 1729 2354 eonsu-

210 2371 322 2402 iarem
349 2375 477 2402 senatu
506 2372 637 2412 mouit,
676 2370 770 2412 quod
804 2370 865 2401 ille
890 2371 927 2400 in
954 2368 1077 2401 Gallia
1111 2369 1155 2400 ad
1188 2368 1375 2400 cuiusdam
1402 2368 1510 2400 scorti
1536 2371 1728 2409 spectacu—

208 2416 280 2446 lum
306 2416 474 2448 eduetum
501 2417 680 2457 quendam
707 2426 725 2447 e
752 2426 900 2447 earcere
927 2415 963 2446 in
989 2415 1157 2446 conuiuio
1183 2413 1341 2455 iugulari
1366 2413 1534 2444 iussisset
1558 2417 1591 2444 et
1611 2413 1727 2444 Cicero

209 2462 250 2492 (Ie
274 2472 344 2495 sen.
374 2463 431 2499 12,
465 2463 507 2492 42
535 2462 676 2493 Inuitus
709 2461 800 2500 feei,
832 2464 871 2491 111,
903 2460 1094 2491 fortissimi
1124 2459 1194 2490 uiri
1220 2459 1260 2490 T.
1290 2458 1485 2489 Flaminini
1512 2458 1659 2489 fratrem
1686 2457 1727 2489 L.

209 2506 454 2537 Flamininum
483 2517 500 2537 e
527 2511 658 2538 senatu
697 2506 870 2546 eicerem,
901 2509 1040 2546 septem
1075 2504 1182 2535 annis
1214 2507 1403 2545 postquam
1430 2503 1554 2535 consul
1582 2502 1726 2542 fuisset,

209 2551 271 2582 sed
298 2552 492 2583 notandam
520 2552 647 2592 putaui
675 2551 872 2582 libidinem.
923 2550 985 2581 ille
1012 2550 1119 2589 enim,
1147 2560 1225 2581 eum
1253 2552 1352 2580 esset
1377 2548 1516 2587 consul,
1543 2549 1578 2579 in
1606 2547 1728 2579 Gallia

210 2601 381 2628 exoratus
406 2597 443 2627 in
471 2597 640 2628 conuiuio
666 2607 687 2627 a
712 2601 834 2628 scorto
861 2599 935 2634 est,
961 2598 1001 2626 ut
1028 2595 1147 2626 securi
1174 2594 1301 2625 feriret
1325 2594 1483 2635 aliquem
1507 2602 1638 2631 eorum,
1667 2592 1727 2635 qni

210 2642 245 2671 in
284 2641 440 2673 uinculis
481 2646 605 2673 essent
637 2641 799 2672 damnati
834 2641 886 2673 rei
918 2640 1102 2682 capitalis,
1157 2640 1272 2671 'sertia
1304 2640 1459 2670 narratio
1491 2643 1607 2670 eaeslal
1636 2639 1729 2678 apud

209 2687 423 2719 Plutarchum
449 2686 605 2725 (Flamin.
635 2688 687 2718 18.
713 2686 788 2717 Cal.
815 2687 889 2717 mai.
909 2687 978 2726 17),
1004 2686 1231 2717 contaminata
1255 2695 1301 2716 ea:
1326 2684 1424 2716 Liuio
1450 2687 1481 2715 et
1510 2683 1680 2715 Cicerone.

322 2842 397 2895 48,
433 2848 496 2883 17.
529 2852 565 2884 01
586 2848 721 2883 libidini
743 2853 779 2883 et
801 2845 1001 2883 crudelitati
1034 2845 1132 2894 Moy.
1156 2858 1257 2883 corr.
1280 2847 1363 2882 Ald.
1484 2843 1545 2880 18.
1574 2843 1633 2880 19.
1667 2842 1726 2879 de-

209 2905 364 2951 perierat
395 2905 565 2953 Moqzmt.

1759 945 1790 968 lo

1758 1282 1790 1308 15

1755 1623 1788 1647 20
