1884 3213
88 579 103 603 5

72 921 105 945 10

71 1257 101 1281 15

67 1763 100 1787 20

537 183 737 221 VALERII
764 187 988 220 ANTIA'rIS
1015 187 1236 219 ANNALEs
1570 186 1652 226 ‘273

242 299 316 341 54.
348 302 436 341 Liu.
460 302 633 340 XXXX
644 303 674 339 V
692 299 759 346 43,
785 299 809 340 8
842 302 1080 340 Sestertium
1114 301 1349 339 ducentiens
1371 313 1416 339 ex
1441 314 1484 339 ea
1508 300 1650 351 praeda
1678 306 1742 354 If'gi

131 368 318 420 [Illyrica
350 370 399 408 ab
422 369 585 421 Anicio]
621 370 824 409 redactum
855 382 941 408 esse
971 374 1110 407 auctor
1141 376 1199 407 est
1230 370 1365 407 Antias
1397 373 1555 419 praeter
1586 381 1651 406 au-
1678 364 1742 394 587

129 449 216 475 rum
248 442 548 488 argentumiple,
580 438 685 489 quod
718 438 757 475 in
790 438 989 475 aerarium
1021 438 1072 474 sit
1102 436 1238 474 latum.
1287 436 1391 487 quod
1419 438 1510 486 quia
1550 436 1652 474 unde

130 504 257 555 redigi
290 506 482 555 potuerit,
516 517 593 543 non
626 504 856 555 apparebat,
890 510 1092 542 aiu-,torem
1126 516 1196 555 pro
1229 516 1270 541 re
1302 505 1430 554 posui.

240 569 314 610 55.
347 573 550 610 Gens-orm.
574 573 623 610 de
653 573 692 610 d.
726 584 765 610 n.
800 570 863 615 17,
901 570 943 608 11
981 571 1034 609 De
1066 576 1296 622 quartorum
1329 571 1511 609 hulmum
1548 569 1652 621 [sae-
1679 579 1743 626 με)

127 638 346 690 cularium]
387 639 531 690 triplex
572 641 708 690 opinio
741 645 812 677 est.
883 640 1018 677 Antias
1057 639 1162 676 enim
1202 644 1239 677 et
1278 638 1399 676 Varro
1439 644 1477 677 et
1514 638 1653 676 Liuius
1678 637 1743 666 (505

129 707 277 745 relatos
308 719 394 745 esse
427 707 689 757 prodiderunt
721 707 763 744 L.
796 706 946 745 Marcio
978 706 1196 744 Censorino
1228 706 1289 744 Μ’.
1313 706 1475 744 Manilio
1508 719 1649 744 eonsu-

128 773 235 813 lihus
266 781 354 825 post
384 774 550 813 Romam
583 767 782 812 conditam
813 786 916 812 anno
947 781 1052 810 DCV.

239 839 314 880 56.
348 841 459 880 Oros.
500 843 532 880 V
562 840 587 879 3
611 854 657 890 p.
691 838 773 879 289
805 842 911 879 Hau.
945 840 1041 878 Cum
1073 840 1254 879 Metellus
1285 845 1445 891 praetor
1475 841 1652 880 Achaeos
1678 833 1742 892 ⁷14ss

130 909 394 960 Boeotiosque
441 911 677 947 coniunctos
719 908 874 946 duobus
920 907 1059 953 hellis,
1107 908 1180 946 hoc
1229 913 1286 946 est
1326 910 1500 959 primum
1548 909 1652 958 apud
1677 890 1741 920 ⁶⁰8

125 977 428 1027 Thermopylas,
472 979 614 1015 iterum
656 978 695 1014 in
728 975 901 1014 Phocide
940 977 1123 1019 uicisset,
1165 988 1331 1026 quorum
1372 977 1505 1026 priore
1546 975 1651 1014 hello

127 1045 257 1082 occisa
297 1057 382 1082 esse
422 1046 565 1094 uiginti
606 1044 736 1087 milia,
776 1043 951 1082 secundo
991 1048 1143 1093 septem
1175 1043 1285 1082 milia
1318 1056 1431 1082 caesa
1463 1044 1652 1082 Claudius

126 1111 343 1150 historicus
375 1113 520 1155 refert,
563 1111 742 1150 Valerius
773 1111 910 1149 Antias
941 1112 981 1148 in
1012 1110 1157 1149 Achaia
1188 1117 1406 1162 pugnatum
1438 1116 1474 1149 et
1507 1112 1650 1161 uiginti

126 1179 234 1217 milia
270 1179 518 1219 Achaeorum
565 1192 654 1217 vum
696 1178 795 1217 duce
836 1191 906 1216 suo
944 1177 1065 1217 Diaeo
1104 1179 1298 1217 cecidisse
1337 1179 1564 1217 confirmat:
1597 1201 1652 1205 —

127 1247 250 1296 igitur
281 1252 369 1297 post
400 1248 573 1285 extincta
606 1248 728 1285 totius
759 1245 928 1284 Achaiae
961 1245 1178 1296 praesidia,
1213 1245 1491 1284 destitutarum
1533 1258 1649 1284 euer-

126 1315 277 1353 siouem
309 1314 472 1353 urbium
502 1314 660 1353 Metello
693 1319 876 1365 praetore
909 1313 1138 1357 meditante,
1173 1314 1312 1352 consul
1344 1314 1555 1352 Mummius
1586 1327 1647 1352 re-

126 1383 311 1432 pentinus
343 1394 432 1420 cum
464 1384 601 1432 paucis
632 1383 743 1420 uenit
776 1383 815 1420 iu
849 1385 997 1424 rastra,
1031 1383 1097 1432 qui
1131 1381 1295 1419 dimisso
1328 1383 1458 1419 statim
1492 1381 1649 1420 Metello

126 1449 359 1488 Corinthum
391 1451 476 1488 sine
510 1462 617 1488 mora
649 1451 904 1500 expugnauit.

631 1581 716 1622 EX
754 1581 955 1623 LIBRO
996 1580 1141 1622 XXII

238 1683 312 1726 57.
346 1687 443 1725 Gell.
487 1687 544 1724 VJ
573 1685 703 1733 (VII)
734 1683 779 1729 9,
815 1683 866 1723 12
896 1685 1002 1723 Idem
1035 1684 1189 1724 Probus
1221 1684 1418 1723 Valerium
1450 1686 1647 1724 Antiatem
1672 1677 1737 1726 Ξὲἓ

125 1753 232 1792 lihro
263 1754 523 1792 historiarum
557 1762 657 1790 XXII
689 1752 1012 1804 ‘spepomlerant'
1047 1753 1255 1802 scripsisse
1277 1752 1481 1791 aduolauit
1503 1752 1646 1791 uerba·
1673 1733 1736 1764 618

215 1919 281 1954 55.
313 1921 454 1953 Eosdem
470 1923 623 1954 eonsules
640 1922 775 1953 ecchibet
795 1922 944 1953 Zosimus
961 1921 1005 1952 II
1022 1922 1054 1960 4,
1072 1922 1093 1952 4
1111 1920 1258 1960 (Liuium
1277 1926 1310 1953 nt
1328 1921 1461 1952 uidetur
1476 1920 1646 1961 sec-ntus).-

124 1960 280 2000 ’ὗποὶτων
304 1959 426 1998 ὄντων
452 1967 619 1999 Λουκίου
645 1966 892 2009 Κηνσωρίνου
916 1964 981 1998 καὶ
1010 1960 1172 2008 Μάρκου
1197 1963 1412 2003 Μαλλίου-ἲ
1439 1964 1645 2007 Πουηλιόυ.

125 2012 171 2051 ef.
205 2011 292 2043 Ialzn
323 2013 369 2043 acl
397 2011 495 2046 Ceus.
525 2013 547 2046 I.
581 2023 608 2044 s.
639 2013 664 2043 l.
696 2017 730 2044 et
758 2013 808 2052 fr.
841 2013 883 2042 ‘22
915 2022 944 2043 c.
977 2013 1056 2045 adn.
1111 2016 1269 2042 secuntur
1304 2012 1397 2051 apud
1427 2011 1647 2043 Censorinum

126 2057 260 2088 Pisonis
285 2054 351 2099 (fr.
379 2058 435 2094 39)
462 2057 521 2092 Cn,
552 2058 648 2089 Gellii
673 2057 740 2098 (fr.
759 2057 817 2096 28)
847 2057 956 2087 Cassii
980 2057 1143 2087 Heminae
1172 2055 1237 2096 (fr.
1265 2057 1322 2096 39)
1351 2057 1548 2088 testimonia.

214 2099 282 2134 56.
308 2102 353 2142 ef.
384 2101 500 2133 Claud.
524 2103 572 2142 fr.
599 2103 641 2134 68
665 2113 736 2134 eum
760 2103 875 2134 adnot.

214 2145 275 2179 57.
302 2147 463 2178 Forsitan
479 2148 562 2179 haec
577 2148 758 2189 scripserit
774 2148 917 2178 Antias:
941 2145 1135 2177 Mancinus
1152 2145 1387 2177 Numantinis
1407 2148 1462 2177 est
1487 2144 1644 2177 deditus.

123 2191 291 2223 Tiberius
333 2191 522 2224 Gracchus
553 2209 593 2215 —
628 2195 663 2223 et
700 2192 814 2223 ceteri
845 2209 888 2213 —-
919 2191 1053 2232 inpune
1091 2190 1275 2223 abierunt.
1325 2191 1365 2222 de
1401 2201 1439 2221 re
1476 2191 1520 2229 ef.
1558 2191 1642 2221 Aur.

130 2237 260 2268 Victor.
286 2237 319 2267 d.
345 2248 376 2267 u.
402 2237 447 2269 ill.
476 2238 528 2274 59,
555 2238 574 2268 5
601 2237 792 2269 Mancinus
817 2239 965 2267 auctore
992 2235 1140 2267 Tiberio
1165 2235 1332 2267 Graccho
1360 2238 1552 2276 quaestore
1580 2245 1644 2266 suo

125 2281 162 2311 in
187 2280 288 2323 leges
313 2280 472 2312 hostium
498 2281 625 2313 foedus
652 2282 842 2323 percussit.
871 2291 940 2323 quo
965 2291 1028 2321 per
1046 2283 1213 2311 senatum
1231 2280 1433 2320 improbato
1451 2279 1643 2310 Mancinus

125 2325 355 2358 Numantinis
376 2325 518 2358 deditus
543 2336 610 2358 nec
637 2330 817 2368 receptus,
845 2327 996 2368 augurio
1023 2326 1060 2356 in
1085 2328 1205 2357 castro
1224 2324 1413 2363 deductus,
1434 2327 1641 2366 praeturam

237 2481 314 2534 54,
348 2486 382 2521 1.
416 2486 474 2522 hs·
507 2497 558 2522 ec·
591 2497 632 2522 ex
662 2487 780 2523 Laur.
911 2486 947 2521 2.
981 2485 1167 2521 :uitiantias
1198 2485 1316 2521 Laur.

238 2537 313 2590 55,
346 2542 381 2578 6.
414 2541 450 2578 L.
475 2542 597 2577 Martio
629 2542 795 2579 Darmst.
831 2543 948 2579 Vatic.
1067 2541 1101 2577 7.
1133 2542 1166 2575 ff»
1196 2540 1324 2576 manlio
1358 2540 1524 2575 Damnst.
1559 2539 1640 2575 Vnt.

239 2593 313 2634 56.
344 2597 396 2644 cf.
431 2603 617 2634 conment.
649 2600 700 2634 ad
730 2599 860 2635 Claud.
892 2599 947 2645 fr.
983 2598 1046 2633 (38.
1181 2596 1244 2632 13.
1279 2595 1431 2631 ualerius
1462 2601 1497 2630 et
1528 2596 1640 2630 antias

126 2653 309 2690 Laurent.
370 2654 526 2690 ualerius
559 2659 594 2689 et
624 2655 760 2690 anthias
784 2654 886 2690 Port.
909 2655 1031 2691 Relzcl.
1147 2663 1269 2700 pugna
1301 2656 1497 2699 puguatiun
1520 2651 1640 2687 Remi.

214 2754 278 2791 14.
316 2728 416 2792 digero
453 2755 571 2791 Laur.
611 2754 689 2801 (VN
734 2767 833 2793 man.
873 2757 1065 2791 recentior
1110 2752 1270 2799 addidit)
1432 2750 1641 2787 confirmant

126 2810 244 2847 Laur.
278 2811 398 2847 Reled.

240 2862 314 2915 57,
350 2868 414 2903 19.
448 2866 599 2914 probum
642 2867 758 2903 VRP
900 2866 963 2903 20.
998 2867 1210 2913 ystoriarum
1253 2865 1282 2900 Γ
1340 2864 1579 2911 hystoriarum
1612 2864 1644 2898 P

194 2935 309 2966 Pmnn,
329 2936 408 2961 nist.
430 2936 514 2961 Rom.
534 2936 600 2960 ren.
639 2936 660 2960 I.
1351 2928 1472 2960 XVIII
