1884 3213
784 771 872 816 111

126 880 504 937 HISTORIAE
546 880 889 936 ROMANAE
932 881 1243 939 AETATES
1286 883 1529 939 PRIMJS

443 982 677 1039 LINEIS
719 982 1204 1039 ADVMBRATAE

177 1118 325 1157 Eodem
357 1130 453 1157 uero
484 1124 663 1170 tempore
695 1132 771 1170 quo
804 1120 848 1165 Q.
881 1119 1064 1158 Fabius
1096 1120 1270 1159 Pictor
1304 1122 1465 1160 initium
1497 1122 1591 1160 fecit

65 1187 297 1224 memoriam
327 1186 545 1224 Romanam
577 1186 782 1225 scribendi
822 1192 859 1226 et
891 1188 931 1225 in
963 1187 1171 1239 publicum
1203 1189 1435 1233 emittendi,
1471 1190 1589 1227 etiam

65 1254 133 1291 alii
166 1253 330 1291 eandem
362 1255 467 1292 uiam
507 1255 677 1304 ingrcssi
718 1259 829 1298 sunt,
871 1255 974 1293 unde
1014 1255 1180 1305 uulgare
1219 1261 1303 1294 tum
1345 1256 1591 1295 desiderium

65 1323 186 1360 fuisse
218 1322 398 1372 sequitui·
428 1334 493 1359 res
515 1334 534 1359 a
567 1335 607 1359 se
638 1327 672 1359 et
699 1334 717 1359 a
751 1321 972 1361 maioribus
1004 1328 1135 1372 gestas
1167 1324 1452 1373 cognoscendi,
1487 1323 1590 1375 quod

64 1394 106 1427 ut
138 1389 355 1441 explerent,
389 1389 602 1439 conplures
634 1389 749 1427 simul
783 1402 945 1441 operam
977 1389 1128 1429 darent.
1172 1403 1245 1429 nec
1270 1391 1307 1430 id
1330 1393 1476 1430 mirum
1509 1393 1590 1430 otio

64 1461 148 1508 post
200 1456 348 1495 bellum
394 1456 702 1495 Hannibalicum
749 1457 904 1495 reddito
951 1459 1174 1509 animisque
1216 1471 1351 1498 rerum
1390 1464 1590 1510 gestarum

66 1525 309 1563 conscientia
333 1525 577 1564 confirmatis
599 1530 713 1575 atque
743 1525 869 1569 elatis,
903 1527 1139 1576 praesertim
1172 1539 1262 1565 cum
1286 1529 1362 1565 iam
1385 1533 1497 1566 antea
1520 1528 1587 1565 Cn.

64 1592 235 1630 Naeuius
267 1591 373 1631 hello
405 1605 475 1631 suo
508 1593 658 1631 Punico
690 1593 820 1644 primo
859 1593 937 1631 tale
977 1594 1153 1633 studium
1186 1596 1227 1633 in
1260 1596 1413 1633 ciuium
1446 1596 1590 1634 animis

66 1673 134 1698 seu
165 1661 378 1699 excitasset
409 1673 478 1699 seu
510 1662 696 1699 auxisset.
757 1660 943 1712 Aequalis
975 1662 1100 1712 igitur
1131 1663 1206 1700 suit
1245 1662 1367 1702 Fabio
1399 1663 1441 1701 L.
1476 1663 1588 1701 Cin-

66 1729 171 1766 cius
202 1728 498 1772 Alimentus,
548 1730 663 1767 cuius
708 1730 900 1767 memoria
946 1729 1051 1780 quod
1097 1742 1115 1767 a
1156 1732 1381 1769 recentiore
1421 1730 1589 1782 quodam

66 1795 201 1834 Cincio
233 1795 444 1834 obscurata
476 1801 541 1834 aut
573 1795 780 1834 deturbata
813 1801 872 1834 est
904 1796 1163 1836 uehementer
1195 1798 1387 1837 dolemus.
1449 1810 1589 1837 uerum

65 1868 194 1901 tamen
227 1863 324 1901 illud
357 1868 523 1907 constat,
557 1869 595 1901 et
626 1863 838 1902 admodum
877 1864 1049 1902 similem
1089 1866 1213 1904 fuisse
1254 1867 1340 1904 eius
1379 1866 1589 1905 historiam

64 1930 257 1969 Fabianae
290 1936 327 1969 et
359 1932 488 1981 ipsum
520 1931 713 1972 Cincium,
748 1933 823 1970 etsi
853 1944 899 1969 ex
931 1937 1047 1981 gente
1086 1932 1244 1984 plebeia
1268 1940 1365 1979 erat,
1398 1935 1589 1973 senatorii

66 1997 218 2037 ordinis
249 1999 384 2036 fuisse.
448 1998 631 2050 idemque
663 2001 781 2037 etiam
815 2000 861 2037 de
885 2000 956 2043 eis,
990 2001 1059 2050 qui
1083 2000 1227 2039 horum
1248 2003 1418 2052 uestigia
1443 2002 1588 2052 legere,

66 2070 130 2104 aut
162 2077 233 2116 pro
265 2071 374 2103 certo
406 2066 615 2104 adfirmare
647 2071 712 2104 aut
744 2068 940 2118 suspicari
979 2080 1210 2118 possumus,
1262 2068 1309 2107 de
1348 2068 1589 2108 Cornelio

66 2134 308 2184 Scipione
340 2134 596 2177 Africano,
630 2134 806 2172 Africani
837 2135 1001 2173 maioris
1034 2135 1135 2175 tilio.
1179 2135 1226 2174 de
1257 2137 1299 2174 A.
1333 2136 1589 2175 Postumio

65 2200 270 2244 Albino,
304 2200 349 2238 de
382 2200 422 2238 C.
455 2201 632 2240 Acilio.
696 2206 808 2241 erant
849 2203 954 2240 enim
988 2215 1124 2241 omnes
1163 2205 1329 2241 summis
1369 2204 1467 2243 locis
1508 2204 1590 2242 nati

66 2268 272 2319 eidemque
304 2268 472 2306 multum
513 2270 553 2306 in
591 2281 633 2305 re
677 2268 836 2319 publica
876 2270 1041 2320 foroque
1081 2272 1250 2315 uersati,
1293 2284 1390 2322 quos
1421 2272 1586 2310 historia

66 2348 144 2373 non
175 2340 278 2373 totos
310 2341 536 2386 occuparet,
570 2335 637 2373 sed
669 2349 837 2386 quorum
871 2337 987 2375 horas
1007 2342 1160 2376 tantum
1192 2338 1310 2376 modo
1342 2339 1586 2381 sulisecilias,

66 2403 184 2453 idque
223 2403 456 2453 plerumque
496 2403 692 2442 honorum
730 2405 856 2454 spatio
896 2404 1065 2443 decurso
1106 2404 1413 2455 eonsunoeretst)
1485 2406 1587 2459 quod

159 2559 182 2599 ¹)
210 2560 289 2591 Hac
313 2569 349 2591 re
373 2557 566 2593 historicos
590 2561 773 2594 Romanos
799 2560 945 2594 differre
978 2571 1000 2593 a
1026 2561 1177 2595 Graecis
1201 2563 1272 2595 iam
1297 2561 1425 2595 Cicero
1451 2562 1590 2594 monuit

68 2615 127 2654 <de
153 2618 244 2647 orat.
270 2615 306 2647 II
334 2617 384 2652 13,
411 2614 479 2657 55).
528 2616 617 2648 satis
645 2616 811 2649 fecerunt
836 2617 949 2658 igitur
973 2618 1129 2659 Polybio
1155 2618 1246 2651 talia
1273 2618 1477 2661 postulanti
1502 2615 1588 2656 (XII

67 2672 127 2710 28,
156 2669 203 2711 3).
254 2664 356 2713 κάγώ
387 2666 426 2703 δ’
461 2663 508 2704 ὂὶν
545 2670 686 2715 εἴποιμι
724 2669 822 2705 διότι
859 2667 906 2705 τὰ
939 2670 1006 2716 τῆς
1038 2670 1206 2716 ἴστοριάς
1239 2671 1315 2715 ἕξει
1341 2668 1425 2706 τότε
1451 2672 1588 2714 καλῶς,

66 2719 159 2758 ὅταν
185 2718 209 2768 ἢ
233 2722 272 2758 οἷ
294 2726 550 2769 πραγματικοὶ
582 2726 655 2760 τῶν
681 2722 834 2771 ἀνδρῶν
858 2723 1024 2773 γράφειν
1042 2725 1307 2773 ἐπιχειρήσωσι
1326 2724 1393 2767 τοὶς
1419 2724 1586 2770 ἱστορίας

67 2799 110 2804 -
134 2777 157 2825 ἦ
184 2778 223 2815 οἱ
245 2776 408 2825 γράφειν
433 2776 702 2826 ἐπιβαλόμενοι
727 2781 797 2827 τὴν
822 2779 861 2825 ἐξ
887 2779 1011 2818 αὐτῶν
1029 2785 1103 2817 τῶν
1119 2779 1350 2828 πραγμάτων
1369 2781 1448 2824 ἕξιν
1473 2779 1590 2828 ἄναγ-

68 2837 184 2871 καίαν
208 2831 425 2881 ἡγήσωνται
455 2833 549 2879 πρὸς
579 2835 649 2882 τὴν
681 2836 863 2883 ἱστορίαν.
919 2836 1102 2883 πρότερον
1141 2835 1179 2871 δ’
1207 2834 1276 2872 οὐκ
1316 2836 1420 2872 ἔσται
1457 2839 1587 2873 παῦλα

69 2894 136 2936 τῆς
161 2892 233 2926 τῶν
260 2890 558 2936 ἵστοριογρεὶφων
584 2889 756 2937 οἷγνοιάς.
