1884 3213
335 744 395 797 L.
440 741 659 799 CASSH
702 740 1029 795 HEMINAE
1073 738 1397 795 ANNALES

678 885 766 927 EX
804 884 1006 926 LIBRO
1044 883 1064 924 I

229 1001 304 1042 lss.
339 1004 492 1041 Minue.
525 1003 611 1040 Fel.
647 1001 787 1040 Octau.
821 999 888 1045 21,
919 998 947 1038 4
974 1012 1014 1049 p.
1037 997 1092 1038 29
1114 1000 1247 1037 Halm.
1281 998 1494 1037 Saturnum
1528 1000 1632 1037 0111111

114 1072 336 1121 principem
369 1071 489 1108 huius
520 1070 681 1119 generis
713 1074 751 1107 et
782 1069 975 1107 examinis
1007 1079 1144 1105 omncs
1175 1068 1393 1117 scriptores
1424 1068 1635 1105 uetustatis

114 1139 255 1177 Graeci
287 1138 534 1187 Romanique
566 1137 768 1175 hominem
800 1135 1077 1187 prodiderunt.
1121 1137 1196 1173 scit
1226 1135 1300 1173 hoc
1323 1134 1452 1185 Nepos
1484 1140 1521 1172 et
1545 1135 1634 1172 Cas-

115 1207 196 1244 sius
230 1207 270 1244 in
302 1206 482 1248 historia,
516 1211 552 1243 ct
583 1204 745 1243 Thallus
777 1216 821 1242 ac
853 1203 1051 1242 Diodorus
1084 1203 1158 1241 hoc
1191 1202 1422 1252 10111111111111.

225 1271 252 1311 2
266 1270 304 1312 ²¹².
336 1273 614 1323 Solimpolyle.
635 1269 673 1316 2,
694 1269 800 1320 10]).
817 1268 868 1316 37
888 1272 943 1309 M.
976 1270 1121 1309 Notum
1144 1275 1202 1308 cst
1224 1293 1279 1296 —-
1301 1271 1559 1307 constitutam
1580 1292 1635 1296 —

114 1341 287 1379 Ariciam
319 1340 368 1379 ab
400 1339 642 1379 Archilocho
675 1339 822 1383 Siculo,
856 1338 961 1377 unde
994 1343 1032 1377 ct
1065 1350 1222 1382 nomen,
1256 1343 1297 1376 ut
1328 1337 1520 1376 Ileminao
1554 1337 1634 1388 pla-

116 1413 190 1451 cet,
222 1413 407 1446 tractum.

227 1472 307 1514 33.
346 1475 461 1514 Seru.
493 1476 549 1513 ad
580 1477 677 1512 Aen.
717 1474 800 1513 VI]
828 1471 904 1512 631
949 1474 1106 1512 Cassius
1144 1473 1310 1511 Hemina
1350 1471 1532 1517 tradidit,
1574 1472 1634 1510 Si-

115 1542 250 1581 culum
271 1542 467 1593 quendam
491 1543 651 1580 nomine
675 1543 810 1580 uxoris
832 1554 926 1580 suae
949 1541 1230 1591 Clytemestrae
1257 1540 1483 1578 condidisse
1506 1540 1633 1589 Clyte-

117 1615 320 1653 mestrum,
354 1622 443 1648 mox
476 1615 666 1660 corrupto
698 1611 859 1648 nomine
895 1609 1213 1647 Crustumcrium
1246 1607 1409 1646 dictum.

205 1753 241 1787 1.
288 1756 422 1787 Tertull.
454 1757 501 1787 ad
524 1760 592 1787 nat.
620 1755 660 1786 II
694 1756 751 1786 12:
792 1754 879 1785 Cum
917 1756 1037 1785 autem
1075 1753 1271 1785 Saturnum
1309 1756 1456 1785 constat
1487 1754 1636 1794 uixisse,

117 1800 254 1833 frustra
279 1801 491 1834 demutatis:
519 1811 590 1832 non
617 1800 828 1832 conceditur
854 1800 972 1840 uobis,
999 1809 1103 1840 quem
1129 1809 1199 1830 non
1225 1799 1411 1840 negabitis
1437 1798 1549 1830 fuisse
1576 1799 1636 1830 ho-

116 1846 259 1887 minem,
287 1846 348 1886 qui
375 1856 491 1887 neque
517 1845 606 1876 deus
630 1855 747 1886 neque
773 1848 915 1886 tempus
935 1843 1083 1875 defendi
1102 1846 1236 1885 potest.
1270 1844 1403 1875 Exstat
1422 1843 1516 1885 apud
1535 1843 1635 1875 litte-

116 1901 175 1922 ras
189 1894 291 1921 nesti
295 1901 334 1922 as
350 1901 608 1932 usquequaque
623 1889 771 1921 Saturni
787 1899 933 1921 census·
956 1889 1110 1931 legimus
1133 1888 1229 1930 apud
1244 1888 1444 1921 Cassium
1460 1890 1634 1920 Seuerum

116 1936 174 1974 (cf
192 1946 297 1976 snpra
320 1935 695 1976 p.(l,>ixll)·1pud
713 1935 914 1975 Cornelios,
935 1935 1102 1975 Nepotem
1129 1937 1165 1965 et
1187 1934 1353 1965 Tacitum
1381 1932 1471 1974 (laist.
1494 1934 1634 1975 1224),

116 1981 213 2022 apud
239 1980 399 2012 Graecos
425 1990 580 2022 quoque,
607 1980 804 2012 Diodorum
831 1980 940 2021 quiue
967 1980 1033 2010 alii
1057 1979 1320 2021 antiquitatum
1345 1988 1455 2010 canos
1481 1978 1636 2020 eollege-

116 2029 199 2056 runt
224 2027 287 2063 [sic
316 2025 412 2061 libris
439 2027 701 2066 antiquitatum
738 2035 848 2057 canos
879 2035 900 2056 a
935 2024 1142 2056 Tertulliano
1179 2025 1300 2056 dzetum
1336 2034 1409 2055 esse
1446 2024 1636 2055 arbitratur

117 2069 237 2108 Oelzler
261 2081 325 2111 pro
350 2072 586 2112 antiquiSsz'mIs
610 2070 803 2103 hominibus.
838 2088 880 2091 —
913 2079 1074 2101 canones
1100 2069 1289 2101 Selznzitter.
1331 2079 1391 2109 69⁰
1423 2070 1570 2109 eojitaui
1594 2070 1635 2100 ‹le

117 2116 378 2156 antiquitatum
413 2115 689 2147 commentarios
727 2117 813 2147 conl.
847 2117 936 2156 apol.
966 2112 1034 2155 10.]
1085 2115 1228 2156 Apoloq.
1257 2115 1314 2146 10:
1349 2114 1543 2145 Saturnum
1570 2113 1635 2144 ita-

117 2170 204 2200 que,
244 2164 417 2202 quantum
456 2160 603 2192 litterae
636 2160 785 2196 docent.
824 2169 942 2201 neque
977 2159 1157 2191 Diodorus
1188 2158 1348 2190 Graecus
1388 2162 1450 2189 aut
1482 2158 1636 2189 Thallus

117 2215 233 2246 neque
259 2204 444 2236 Cassius
471 2205 627 2237 Seuerus
655 2209 718 2237 aut
743 2204 935 2237 Cornelius
959 2205 1080 2246 Nepos
1106 2214 1222 2245 neque
1249 2203 1346 2235 ullus
1371 2206 1636 2234 commentator

118 2250 340 2281 eiuscemodi
360 2250 619 2291 antiquitatum
647 2250 757 2289 aliud,
779 2260 885 2291 quam
911 2249 1092 2281 humiliem
1118 2248 1453 2290 promulgauerunt,
1471 2249 1501 2279 si
1521 2258 1634 2289 quan-

117 2298 190 2325 tum
216 2304 334 2325 rerum
361 2299 576 2336 argumenta
602 2305 779 2336 nusquam
803 2295 951 2326 inuenio
970 2293 1145 2334 fideliora,
1173 2304 1278 2335 quam
1306 2293 1401 2335 apud
1426 2294 1541 2334 ipsam
1562 2293 1634 2323 lta-

117 2338 217 2379 liam,
245 2340 281 2370 in
308 2349 378 2380 qua
405 2342 582 2371 Saturnus
607 2343 688 2381 post
713 2339 846 2371 multas
873 2339 1126 2382 expeditiones
1151 2342 1303 2380 postque
1320 2338 1446 2369 Attica
1472 2338 1635 2379 hospitia

118 2385 301 2425 consedit,
337 2388 509 2426 exceptus
536 2395 557 2415 a
582 2386 671 2416 Iano
696 2384 756 2416 uel
786 2385 894 2424 Iane,
926 2389 966 2415 ut
991 2384 1083 2415 Salii
1114 2383 1253 2415 uolunt.
1302 2384 1458 2415 Laetam.
1484 2384 1587 2414 instil.
1616 2383 1633 2413 I

120 2428 177 2461 13:
204 2429 339 2461 Omnes
371 2440 457 2470 ergo
482 2439 554 2460 non
587 2433 728 2461 tantum
763 2433 894 2471 poetae
921 2429 984 2461 sed
1015 2429 1247 2460 historiarum
1273 2438 1414 2469 quoque
1448 2438 1491 2459 ac
1517 2438 1633 2458 rerum

119 2475 347 2515 antiquarum
379 2475 576 2515 scriptores
600 2473 822 2516 [Saturnum]
852 2474 1036 2505 hominem
1075 2474 1186 2505 fuisse
1214 2474 1463 2510 consentiunt,
1492 2473 1551 2513 qui
1578 2482 1634 2502 res

118 2519 197 2550 eius
223 2521 258 2550 in
278 2519 387 2550 Italia
413 2522 537 2560 gestas
564 2520 758 2551 memoriae
784 2519 1033 2561 prodiderunt,
1061 2517 1194 2550 Graeci
1210 2518 1392 2549 Diodorus
1419 2521 1454 2548 et
1470 2517 1632 2556 Thallus,

116 2564 240 2595 Latini
266 2565 386 2606 Nepos
413 2568 449 2595 01
475 2564 662 2595 Cassius
689 2568 726 2596 et
752 2565 878 2597 Varro.
928 2565 972 2605 ef.
999 2564 1189 2605 Seleweyler
1209 2564 1228 2593 I
1248 2575 1284 2604 p.
1306 2564 1370 2593 212
1395 2573 1445 2604 sq.
1473 2567 1504 2593 υἱ
1529 2572 1634 2604 supra

113 2619 142 2642 s.
168 2611 188 2640 l.

233 2752 275 2805 l,
307 2758 344 2794 3.
375 2755 458 2807 scit]
492 2757 616 2794 scribit
645 2759 826 2795 Pithoeus
960 2757 997 2795 4.
1031 2763 1066 2793 et
1097 2762 1187 2793 ante
1219 2756 1363 2791 Thallus
1396 2757 1468 2792 del.
1504 2756 1632 2793 Halm.

231 2809 274 2861 2,
308 2815 344 2850 G.
377 2815 503 2850 Archia
535 2815 697 2850 Salmas.

232 2865 272 2907 3.
306 2871 412 2906 abest
443 2883 465 2906 α
503 2871 669 2907 Tleilom's
698 2872 816 2907 libris.
