1884 3213
103 451 170 499 439

105 508 170 539 315

195 171 279 211 310
808 169 1110 210 RELLIQVIAE

195 341 518 389 RELICVVM
539 340 865 387 LIBRORVM
886 339 1257 386 LINTEORVM
1277 338 1723 386 FRAGMENTVM

307 453 380 494 27.
426 456 514 493 Lim.
553 454 648 493 IIII
686 451 757 502 13,
791 451 817 492 6
855 453 1002 492 Consul
1043 458 1199 492 sextum
1240 458 1398 492 oreatus
1435 453 1477 490 T.
1511 452 1724 499 Quinctius

196 523 456 575 Capitolinus,
490 524 655 561 mininw
688 526 938 573 opportunus
970 522 1034 560 uir
1066 522 1232 560 nouanti
1264 533 1342 559 res.
1384 520 1535 570 collega
1568 520 1724 559 additur

197 593 233 629 ei
265 591 437 642 Agrippa
471 591 691 634 Menenius,
725 591 789 627 rui
822 589 970 628 Lanato
1002 593 1086 627 orat,
1118 593 1353 639 cognomen.
1406 594 1444 627 et
1475 588 1621 626 Lucius
1653 588 1724 626 Mi-

198 660 344 698 nucius
375 659 601 709 praefectus
633 670 813 696 annonae
846 670 914 695 seu
948 658 1136 697 resectus.
1169 669 1253 697 seu,
1287 656 1415 707 quoad
1439 668 1503 694 res
1526 660 1724 707 posceret,

198 728 239 765 in
271 728 471 764 inoffi-uun
504 730 681 764 creatus:
726 725 825 763 nihil
858 727 964 764 enim
1003 729 1177 768 constat,
1219 725 1294 763 nisi
1334 725 1373 762 in
1414 723 1540 762 libros
1580 723 1724 762 linteos
1748 740 1763 764 5

199 799 369 844 utroque
402 806 505 832 anno
539 793 708 832 relatum
742 795 847 832 inter
877 794 1135 843 magistratus
1166 793 1362 844 praefecti
1395 804 1552 830 nomen.

289 960 351 996 27.
388 962 449 994 Eae
479 962 542 994 hoe
562 962 611 1002 fr.
637 963 799 1004 sequitur,
827 962 926 993 etiam
958 972 1042 1004 qnae
1069 961 1145 994 Liu.
1172 971 1201 992 c.
1230 961 1284 1001 12,
1310 962 1331 993 8
1356 961 1398 992 de
1422 961 1485 992 hac
1506 960 1729 1001 praefectura

199 1009 332 1048 adfert,
372 1009 417 1039 ad
447 1008 606 1039 librorum
636 1009 811 1039 linteorum
850 1007 1086 1038 auctoritatem
1122 1007 1260 1037 redire:
1309 1007 1498 1037 Postremo
1536 1004 1728 1047 perpulere

201 1053 343 1095 plebem
374 1052 471 1085 haud
504 1052 728 1084 aduersante
760 1054 910 1092 senatu,
950 1055 990 1083 ut
1027 1052 1067 1082 L.
1102 1051 1285 1083 Minucius
1317 1050 1532 1092 praefectus
1563 1060 1729 1081 annonae

203 1102 401 1138 crearetur,
430 1097 574 1130 felicior
598 1098 635 1128 in
662 1108 703 1129 eo
722 1098 942 1138 magistratu
968 1096 1015 1128 ad
1033 1096 1235 1128 custodiam
1255 1095 1441 1128 libertatis
1460 1096 1604 1128 futurus
1623 1105 1730 1138 quam

199 1144 245 1175 ad
261 1143 489 1175 curationem
504 1142 699 1175 ministerii
714 1143 780 1181 sui,
799 1152 1017 1184 quamquam
1035 1145 1217 1183 postremo
1237 1151 1406 1173 annonae
1422 1151 1564 1183 quoque
1583 1140 1728 1172 leuatae

201 1189 298 1220 haud
317 1189 525 1220 inmeritam
541 1192 576 1219 et
594 1188 752 1230 gratiam
771 1190 807 1220 et
825 1186 977 1230 gloriam
996 1187 1092 1218 tulit.
1119 1187 1162 1227 ef.
1176 1197 1283 1228 supra
1300 1198 1335 1228 p.
1350 1185 1729 1220 CCCLXXXXVIJI.

316 1345 389 1394 27,
425 1350 460 1386 1.
491 1354 594 1386 sexto
640 1349 775 1385 Veron.
915 1350 951 1385 3.
985 1349 1133 1396 agrippa
1164 1347 1304 1383 mallius
1347 1348 1482 1383 Veron.
1545 1347 1731 1395 agrippam

206 1406 368 1455 (agrippa
407 1418 435 1442 s.
478 1406 538 1452 m.)
577 1405 775 1441 iamanilius
814 1406 964 1441 enenius
994 1406 1095 1442 Med.
1156 1404 1303 1452 agrippa
1342 1403 1530 1452 (agrippae
1561 1404 1664 1439 Leid.
1696 1404 1731 1449 Ι)

205 1464 390 1499 menenius
414 1464 505 1499 Par.
524 1464 626 1499 Lez'cl.
645 1463 670 1498 I
781 1462 896 1497 lanata
915 1463 1067 1498 Harlei.
1085 1462 1110 1498 I
1156 1461 1327 1496 minutius
1349 1460 1451 1496 Med.
1569 1459 1605 1495 4.
1630 1470 1733 1508 prae-

205 1516 338 1569 fectus]
372 1525 485 1568 praet.
531 1520 666 1556 Veron.
783 1529 918 1554 anonae
940 1519 1040 1555 Med.
1156 1514 1332 1566 refectus]
1358 1516 1561 1565 praefectus
1595 1517 1729 1553 Veron.

207 1588 373 1624 seuseuq.
406 1576 505 1613 Med.
624 1576 721 1623 quod
755 1576 890 1612 Veron.
922 1571 1041 1612 Med.¹
1104 1574 1199 1623 quod
1231 1574 1271 1610 ad
1296 1576 1387 1610 Par.
1410 1574 1513 1610 Lez'd.
1537 1573 1561 1609 I
1617 1572 1733 1621 quoad

206 1629 327 1670 Μεά.2
445 1634 479 1669 6.
514 1632 646 1668 relatus
690 1634 827 1670 Veron.
