1884 3213
695 518 988 575 CLODIVS

184 664 258 702 IIic
290 664 450 703 Clodius
482 670 598 703 notus
632 671 690 704 est
722 677 768 703 ex
801 666 884 703 solo
917 666 1123 705 Ciceronis
1164 667 1250 705 1000
1287 680 1404 718 saepe
1436 681 1455 705 a
1489 667 1605 706 nohis

74 737 113 770 et
145 731 304 770 laudato
337 737 375 770 et
407 732 604 771 laudando
639 732 699 783 (de
732 733 834 783 legg.
869 732 884 771 Ι
914 731 960 777 2,
993 731 1053 785 6);
1087 734 1192 773 Ecce
1222 739 1352 773 aulem
1382 747 1606 774 successere

71 800 162 838 leuse
199 797 344 849 (Caelio
375 800 596 851 Antipatro)
641 802 776 850 Gellii,
820 799 1041 852 Clodius-¹),
1084 803 1245 847 Asellio,
1285 803 1387 841 m'leil
1421 802 1477 840 ad
1506 803 1603 841 Cae-

74 870 168 907 lium
198 869 269 907 sed
294 869 424 917 potius
455 869 512 905 acl
541 870 794 917 antiquorum
824 871 1059 917 lcmquorem
1091 875 1127 908 et
1158 871 1370 908 inscitiam.
1411 869 1480 908 uhi
1512 882 1602 908 cum

73 936 211 975 Cicero
245 937 287 974 in
320 936 602 975 enumerandis
642 936 846 975 historicis
887 941 1109 987 temporum
1150 937 1332 976 ordinem
1364 939 1600 982 seruauefflt,

73 1004 253 1042 Clodium
284 1009 372 1054 post
395 1003 596 1048 Coelium,
631 1004 677 1043 (le
710 1006 823 1043 cuius
855 1010 981 1043 aetate
1014 1006 1109 1043 satis
1141 1011 1322 1044 constare
1346 1018 1464 1057 supra
1495 1005 1601 1043 uidi-

70 1084 176 1115 mus,
217 1077 255 1110 et
294 1076 383 1109 ante
424 1071 703 1122 Sempronium
743 1072 1002 1117 Asellionem,
1051 1085 1168 1123 quem
1214 1072 1287 1111 suh
1328 1073 1369 1112 P.
1411 1073 1600 1124 Scipione

69 1140 256 1178 Africano
289 1139 334 1177 ad
366 1138 619 1177 Numantiam
650 1139 858 1178 tribunum
891 1140 1062 1179 milituln
1096 1141 1218 1179 fuisse
1251 1153 1393 1192 resque
1416 1153 1482 1179 eas
1513 1142 1598 1191 qui-

71 1207 144 1245 hus
176 1206 362 1257 gerendIs
394 1209 478 1258 ipse
512 1208 780 1251 interfuisset,
813 1209 1021 1258 scripsisse
1055 1208 1206 1246 Gellius
1238 1208 1271 1246 Il
1298 1207 1347 1247 13
1379 1209 1598 1247 memoriae

70 1274 265 1326 prodidit,
313 1276 501 1313 historias
542 1276 800 1326 conposuisse
839 1276 1120 1326 consequitur,
1167 1275 1206 1314 id
1248 1283 1306 1315 est
1345 1276 1475 1315 medio
1514 1278 1598 1315 sere

70 1343 227 1381 saeculo
259 1356 296 1381 ιι.
331 1355 364 1381 c.
398 1344 581 1393 septimo.

182 1410 334 1449 Krause
369 1422 464 1448 uero
498 1407 549 1460 (p.
581 1407 663 1448 213
696 1410 767 1462 sq.)
802 1411 907 1449 hunc
940 1411 1121 1449 confudit
1154 1424 1243 1449 cum
1276 1411 1412 1450 Clodio
1444 1411 1595 1456 Licino,

70 1480 184 1516 cuius
215 1490 349 1516 rerum
381 1477 648 1516 Romanarum
680 1477 831 1516 librum
872 1479 1032 1516 tertium
1070 1480 1212 1517 citauit
1246 1478 1385 1517 Liuius
1422 1478 1597 1518 XXVIIII

68 1543 142 1590 22,
185 1543 254 1590 lO,
296 1545 365 1584 sed
403 1545 541 1584 eodem
582 1547 668 1584 iure
707 1546 813 1584 hunc
855 1546 960 1584 Liuii
999 1545 1180 1584 Clodium
1220 1548 1463 1597 coniungere
1502 1547 1597 1585 licet

69 1625 160 1651 cum
199 1612 335 1651 Clodio
375 1613 513 1652 Licino
557 1614 768 1657 historico,
808 1613 953 1664 Hygini
992 1614 1120 1652 amico
1161 1626 1193 1651 a.
1226 1612 1265 1651 4.
1298 1612 1375 1652 757
1417 1615 1594 1659 consule,

70 1682 183 1719 cuius
215 1680 330 1719 libris
367 1682 578 1731 quominus
609 1681 767 1719 Liuium
808 1681 1032 1732 aequalem,
1073 1683 1141 1732 qui
1178 1681 1327 1720 librum
1360 1681 1475 1720 CXXI
1508 1688 1595 1733 post

70 1761 275 1787 excessum
307 1748 390 1787 diui
418 1749 585 1799 Augusti
617 1748 787 1788 edidisse
821 1749 967 1787 dicitur
1000 1748 1196 1800 (inscript.
1228 1761 1311 1800 per.
1344 1749 1415 1788 lib.
1447 1749 1592 1798 CXXI),

72 1818 128 1854 uti
167 1817 341 1867 potuisse
381 1817 652 1855 existimemus
690 1816 793 1855 nihil
833 1816 976 1854 obstat.
1046 1817 1137 1855 nolo
1182 1822 1314 1855 tamen
1355 1818 1517 1856 nimiam
1557 1820 1594 1856 ei

69 1884 323 1923 coniecturae
363 1886 444 1922 uim
483 1884 683 1928 tribuere,
725 1890 763 1923 et
805 1890 846 1922 ut
885 1885 1062 1922 omnium
1101 1884 1329 1923 Clodiorum
1370 1885 1591 1936 relliquias,

69 1963 167 2002 quae
200 1964 245 1990 ex
278 1953 438 2005 scriptis
469 1952 673 1991 historicis
704 1952 750 1990 ad
791 1964 862 1990 nos
894 1958 1167 2003 peruenerunt
1207 1951 1398 2003 (exceptis
1429 1952 1592 1991 Claudio

70 2019 287 2070 interprete
318 2020 496 2058 Aciliano
535 2025 574 2059 et
606 2020 768 2059 Claudio
800 2020 1077 2072 Quadrigario)
1119 2021 1224 2059 infra
1267 2033 1344 2058 uno
1377 2021 1465 2059 loco
1497 2033 1590 2059 con-

70 2087 224 2125 iunctas
255 2086 514 2138 adponerem,
549 2087 656 2126 nulla
687 2087 880 2127 adductus
911 2100 997 2126 sum
1029 2100 1146 2126 causa
1178 2089 1255 2126 nisi
1288 2101 1352 2133 ea,
1388 2094 1429 2126 ut
1460 2088 1591 2138 aliquo

69 2153 155 2191 loco
178 2166 246 2192 eae
279 2160 491 2194 exstarent.
534 2154 580 2193 de
613 2157 710 2206 ipsis
741 2154 1006 2206 scriptoribus
1039 2155 1119 2193 uid.
1152 2168 1251 2206 quae
1283 2156 1331 2192 (Ze
1351 2156 1418 2194 ull.
1451 2161 1487 2194 et
1511 2167 1588 2194 scr.

70 2221 230 2260 Claudii
260 2221 523 2270 Quadrz'yare'c'
551 2235 806 2274 exponemus.

159 2376 184 2419 ¹)
211 2378 270 2410 Sic
297 2378 445 2410 exhibet
470 2379 533 2411 lib.
559 2379 752 2411 Leidensis
778 2381 881 2413 Voss.
908 2381 950 2412 86
977 2392 997 2412 a
1023 2390 1075 2422 pr.
1103 2391 1165 2421 ιη,
1199 2381 1312 2413 ceteri
1337 2380 1422 2412 libri
1447 2381 1588 2412 Baiteri

67 2435 207 2474 alodius.
