1884 3213
601 190 641 221 P.
667 188 895 222 RV'I'ILIVS
921 188 1077 221 RVFVS
1415 195 1600 226 CCLXVII

78 318 176 358 quac
208 309 360 343 exstant
391 304 493 355 apud
526 303 750 343 Charisium
791 307 830 342 et
858 302 1087 341 Diomedem
1128 314 1207 341 11011
1239 302 1426 341 adsiduae
1458 301 1600 340 horum

77 374 427 424 grammaticorum
460 372 624 411 lectioni
656 371 724 410 sed
756 372 874 410 unius
906 371 1076 409 alicuius
1115 372 1193 409 uiri
1234 371 1339 409 docti
1371 369 1601 419 diligentiae

77 446 116 480 et
147 442 255 480 casui
287 440 441 479 cuidam
475 452 546 478 uos
578 438 726 478 debere
757 450 875 489 supra
907 451 944 490 p.
972 438 1098 477 CCLX
1129 440 1398 490 exposuimus.

189 508 236 547 Vt
267 520 364 547 uero
397 507 445 546 ad
476 507 664 546 historias
695 508 923 551 ueniamus,
964 506 1039 545 hoc
1071 511 1245 551 constat,
1285 510 1485 556 pertextas
1517 518 1602 544 esse

77 589 142 615 res
172 588 296 627 usque
329 575 376 614 ad
408 577 533 626 ipsius
554 574 698 613 Rutilii
730 578 910 617 aetatem,
944 575 1075 612 minus
1107 574 1354 625 exploratum
1387 578 1464 618 est,
1498 573 1603 612 unde

78 656 241 683 exorsae
279 645 371 682 sint.
433 654 523 681 nam
563 654 662 694 quae
703 642 749 680 de
789 641 979 680 nundinis
1017 654 1064 680 ex
1103 643 1161 680 eis
1200 641 1341 680 adtulit
1378 640 1604 680 Macrobius

80 710 141 762 [fr.
168 710 225 756 11,
258 724 337 750 11011
368 711 461 750 talia
492 716 583 749 sunt
614 715 657 749 ut
679 711 756 748 nisi
788 711 828 748 in
851 721 990 760 regum
1012 709 1179 748 historia
1201 710 1494 748 conmemorari
1525 722 1603 747 non

78 780 294 832 potuerint.
356 784 394 817 at
424 780 519 830 quin
551 779 629 816 iam
661 777 861 828 Scipionis
890 778 1067 816 Africani
1106 778 1270 815 maioris
1305 781 1475 815 mortem
1507 789 1602 815 nar-

82 848 235 886 rauerit
269 845 330 895 (fr.
362 843 401 898 2)
436 847 610 897 itemque
643 847 765 884 trium
798 845 959 883 illorum
996 844 1327 897 philosophorum
1366 845 1603 895 legationem

79 915 368 954 nobilissimam
409 912 471 964 (fr.
503 911 566 965 3),
606 925 686 952 non
723 918 781 951 est
820 912 998 951 dubium.
1053 924 1153 963 quae
1196 924 1294 951 uero
1341 914 1442 952 ratio
1482 914 1603 951 inter-

79 983 245 1022 cesserit
286 983 390 1020 inter
428 981 618 1020 historias
655 986 694 1020 et
731 982 875 1025 uitam,
924 993 1015 1019 nam
1053 981 1093 1018 in
1132 985 1301 1032 utroque
1342 979 1446 1018 libro
1489 993 1605 1031 saepe

80 1050 247 1089 eandem
279 1061 363 1088 rem
394 1054 569 1087 tractare
601 1048 792 1093 debebat,
832 1049 873 1086 in
910 1053 1019 1087 tanta
1060 1049 1375 1098 fragmentorum
1406 1049 1605 1099 paucitate

80 1118 258 1156 discerni
300 1129 379 1155 11011
418 1122 559 1167 potest.
628 1129 865 1168 quamquam
903 1116 1002 1155 mihi
1040 1116 1200 1167 quidem
1240 1116 1337 1155 haec
1376 1116 1607 1154 coniectura

80 1185 291 1224 admodum
322 1183 544 1236 probabilis
576 1197 661 1223 esse
683 1184 857 1228 uidetur,
891 1184 1070 1222 historiis
1092 1184 1285 1222 Rutilium
1307 1196 1443 1222 rerum
1464 1183 1605 1222 Roma-

81 1266 220 1292 narum
253 1254 472 1302 cognitioni
506 1254 661 1290 seruire
693 1252 891 1296 uoluisse,
924 1253 1009 1290 uita
1041 1264 1134 1290 suae
1166 1252 1312 1296 famae,
1346 1257 1408 1295 ut,
1442 1252 1475 1289 si
1506 1263 1606 1302 quae

81 1334 127 1359 ex
150 1321 480 1360 condemnatione
505 1320 714 1370 adspersae
738 1324 869 1358 essent
891 1319 1088 1364 maculae,
1122 1332 1187 1358 eas
1210 1320 1456 1369 abstergeret
1478 1319 1605 1357 omni-

82 1389 235 1440 busque
266 1387 546 1439 persuadcret,
581 1387 684 1438 quod
716 1387 923 1426 molestius
955 1387 1110 1427 serebat
1132 1400 1248 1438 quam
1272 1388 1403 1439 ipsum
1428 1386 1604 1430 exilium,

82 1457 181 1496 male
213 1456 260 1494 de
292 1468 333 1494 se
365 1468 449 1493 esse
481 1454 699 1493 iudicatum
733 1452 887 1505 (Senec.
920 1468 980 1506 ep.
1013 1453 1087 1499 24,
1120 1453 1174 1506 3).

194 1524 329 1574 Itaque
361 1535 440 1561 non
471 1522 722 1567 mirabimur,
763 1524 797 1561 si
828 1525 952 1562 uitam
984 1536 1095 1561 suam
1134 1535 1213 1561 non
1245 1524 1330 1561 sine
1363 1523 1421 1560 ira
1455 1527 1491 1560 et.
1524 1527 1605 1560 stu-

82 1591 148 1629 dio
181 1592 444 1629 enarrauerit.
486 1591 652 1641 grauius
683 1596 742 1629 est
773 1591 879 1642 quod
900 1591 1136 1629 Plutarchus
1159 1592 1279 1629 etiam
1301 1590 1480 1629 historiis
1502 1589 1606 1628 idem

82 1660 236 1697 crimen
267 1658 547 1709 exprobrauit,
581 1671 671 1697 cum
702 1660 872 1709 priuatis
894 1660 1141 1704 inimicitiis,
1174 1671 1273 1709 quae
1305 1659 1342 1696 ei
1371 1663 1484 1696 erant
1516 1669 1606 1696 cum

82 1727 225 1771 Mario,
270 1739 360 1764 eum
406 1726 571 1765 ductum
616 1727 825 1777 scripsisse
865 1726 1016 1766 diceret
1056 1739 1191 1778 sparsa
1230 1726 1399 1777 pecunia
1439 1725 1606 1763 Marium

83 1799 236 1833 sextum
269 1793 519 1832 consulatum
558 1795 701 1832 emisse
736 1792 797 1843 (fr.
829 1791 884 1845 4).
947 1795 1066 1833 etiam
1097 1794 1276 1845 Pompeii
1315 1793 1447 1843 Magni
1484 1793 1608 1843 patris

83 1861 190 1909 laudi
223 1861 270 1899 ab
303 1874 349 1900 eo
380 1861 578 1900 malitiose
610 1861 877 1900 obtrectatum
899 1874 984 1900 esse
1007 1862 1186 1913 Pompeii
1208 1861 1339 1912 Magni
1364 1861 1482 1899 amici
1513 1873 1606 1898 con-

83 1929 257 1968 tendisse
289 1929 477 1967 uidentur
510 1926 649 1981 (11.5).
706 1929 774 1967 sed
806 1934 1009 1981 utcunque
1042 1930 1139 1969 haec
1170 1942 1234 1968 res
1265 1942 1307 1967 se
1343 1927 1479 1972 habet,
1513 1940 1606 1966 con-

85 1997 175 2035 silio
206 1997 403 2035 Rutilium
436 1996 533 2036 salsa
565 1998 725 2036 finxisse
758 2002 795 2035 et
827 1998 1061 2036 ementitum
1093 2010 1201 2042 esse,
1233 1998 1299 2036 uix
1332 1997 1430 2035 mihi
1462 1995 1606 2046 proba-

85 2064 216 2103 bitur:
251 2066 304 2103 ita
336 2063 525 2103 abhorret
556 2064 604 2103 ab
637 2067 722 2103 eius
753 2064 946 2103 moribus.
1008 2066 1125 2104 etiam
1157 2065 1233 2104 hoc
1265 2064 1425 2108 addam,
1459 2065 1607 2114 optimo

87 2132 234 2170 iudicio
266 2144 355 2170 eum
387 2144 503 2170 usum
534 2145 619 2171 esse
650 2132 782 2171 uideri
815 2134 854 2170 111
887 2131 1120 2171 auctoribus
1152 2132 1358 2183 eligendis.
1399 2130 1607 2181 Polybium

86 2201 191 2238 enim
233 2200 285 2237 ita
317 2201 611 2238 coniunxerunt
648 2212 738 2238 cum
777 2199 926 2238 Rutilio
967 2204 1004 2238 et
1035 2199 1174 2238 Liuius
1213 2197 1274 2250 (fr.
1308 2197 1346 2247 21
1388 2204 1425 2237 et
1457 2198 1608 2237 Gellius

88 2265 150 2315 (Jrr.
183 2264 243 2317 3),
284 2272 326 2305 ut
357 2272 495 2305 auctor
526 2267 593 2305 ille
625 2267 730 2306 haud
761 2267 1074 2306 contemnendus
1105 2267 1151 2305 de
1184 2267 1245 2305 his
1277 2266 1397 2305 rebus
1429 2271 1465 2304 et
1497 2265 1606 2304 adhi—

86 2334 193 2373 bitus
223 2340 260 2372 et
292 2335 437 2373 citatus
467 2347 487 2372 a
518 2334 669 2373 Rutilio
701 2348 786 2373 esse
818 2334 1014 2374 uideatur.
1047 2336 1099 2373 cl'.
1132 2335 1182 2373 de
1209 2335 1309 2381 font.
1343 2335 1446 2372 Plut.
1478 2347 1515 2385 p.
1539 2330 1605 2371 65.

171 2401 493 2440 Conmemorauit
523 2407 655 2441 autem
686 2402 828 2441 Rutilii
860 2402 1046 2441 historias
1078 2403 1252 2453 primus,
1285 2401 1389 2453 quod
1421 2402 1605 2445 sciamus,

86 2470 390 2508 Posidonius
437 2470 752 2520 Apamensis,
799 2470 979 2521 Pompeii
1019 2470 1150 2519 Magni
1197 2469 1391 2521 aequalis,
1439 2481 1484 2507 ex
1531 2480 1607 2519 quo

87 2549 185 2588 111136
217 2536 264 2574 116
296 2538 355 2575 eis
386 2537 553 2588 protulit
585 2550 625 2575 se
658 2538 916 2588 exscripsisse
947 2538 1156 2588 protitetur
1178 2537 1402 2576 Athenaeus
1429 2534 1467 2586 (l.
1491 2548 1520 2573 s.
1545 2535 1606 2578 sd,

88 2606 173 2647 cui,
214 2616 304 2642 cum
335 2603 491 2654 Polybii
522 2604 710 2643 historias
740 2617 865 2655 usque
906 2604 953 2643 ad
992 2617 1103 2643 suam
1143 2609 1309 2643 aetatem
1341 2604 1606 2646 continuaret,

88 2671 261 2709 Rutilius
292 2683 433 2720 magno
464 2672 556 2709 usui
589 2683 673 2709 esse
705 2677 879 2722 poterat,
920 2684 1088 2723 eumque
1121 2672 1242 2710 fuisse
1274 2676 1437 2721 propter
1469 2670 1608 2708 amici-

88 2739 204 2781 tiam,
247 2750 345 2788 quae
384 2739 488 2775 inter
526 2750 593 2776 eos
624 2739 896 2777 intercedebat
929 2739 1023 2789 (Cic.
1057 2738 1103 2776 de
1135 2738 1198 2776 oss.
1231 2737 1283 2775 III
1315 2734 1360 2780 2,
1397 2734 1482 2787 10),
1515 2748 1606 2787 pro-

90 2804 222 2843 babile
260 2810 330 2842 est.
391 2804 580 2855 Sequitur
618 2805 810 2851 Liuius,
850 2808 917 2857 qui
956 2818 1034 2843 11110
1066 2806 1153 2843 loeo
1185 2804 1278 2843 libri
1310 2803 1521 2842 XXXVIIII
1561 2804 1607 2843 de

91 2884 212 2916 anno,
246 2884 323 2923 quo
355 2871 489 2922 Scipio
510 2872 720 2911 Africanus
750 2874 876 2911 maior
898 2878 1079 2911 mortuus
1111 2877 1213 2910 esset
1238 2869 1298 2917 (fr.
1322 2868 1381 2922 2),
1414 2871 1607 2910 Rutilium

740 2981 763 2998 0
