<?xml version="1.0" encoding="UTF-8"?>
<!DOCTYPE html PUBLIC "-//W3C//DTD XHTML 1.0 Transitional//EN"
    "http://www.w3.org/TR/xhtml1/DTD/xhtml1-transitional.dtd">
<html xmlns="http://www.w3.org/1999/xhtml" xml:lang="en" lang="en">
 <head>
  <title>
</title>
<meta http-equiv="Content-Type" content="text/html;charset=utf-8" />
  <meta name='ocr-system' content='tesseract 3.04.00' />
  <meta name='ocr-capabilities' content='ocr_page ocr_carea ocr_par ocr_line ocrx_word'/>
</head>
<body>
  <div class='ocr_page' id='page_1' title='image "./veterumhistorico01peteuoft_0447.png"; bbox 0 0 1884 3213; ppageno 0'>
   <div class='ocr_carea' id='block_1_1' title="bbox 518 148 1644 190">
    <p class='ocr_par' dir='ltr' id='par_1_1' title="bbox 518 148 1644 190">
     <span class='ocr_line' id='line_1_1' title="bbox 518 148 1644 190; baseline -0.001 -7"><span class='ocrx_word' id='word_1_1' title='bbox 518 152 564 183; x_wconf 88' lang='lat' dir='ltr'>M.</span> <span class='ocrx_word' id='word_1_2' title='bbox 589 150 756 185; x_wconf 80' lang='lat' dir='ltr'>PORCII</span> <span class='ocrx_word' id='word_1_3' title='bbox 783 149 989 182; x_wconf 69' lang='lat' dir='ltr'>CATONIS</span> <span class='ocrx_word' id='word_1_4' title='bbox 1017 149 1248 183; x_wconf 83' lang='lat' dir='ltr'>ORIGINES</span> <span class='ocrx_word' id='word_1_5' title='bbox 1590 148 1644 190; x_wconf 81' lang='lat'>53</span> 
     </span>
    </p>
   </div>
   <div class='ocr_carea' id='block_1_2' title="bbox 73 259 1645 1391">
    <p class='ocr_par' dir='ltr' id='par_1_2' title="bbox 122 259 1645 518">
     <span class='ocr_line' id='line_1_2' title="bbox 124 259 1644 315; baseline -0.001 -11"><span class='ocrx_word' id='word_1_6' title='bbox 124 260 239 304; x_wconf 81' lang='grc' dir='ltr'><em>εἶναι</em></span> <span class='ocrx_word' id='word_1_7' title='bbox 270 262 450 315; x_wconf 78' lang='grc' dir='ltr'><em>λέγουσι</em></span> <span class='ocrx_word' id='word_1_8' title='bbox 488 264 580 303; x_wconf 75' lang='grc' dir='ltr'><em>τῶν</em></span> <span class='ocrx_word' id='word_1_9' title='bbox 612 262 662 304; x_wconf 83' lang='grc' dir='ltr'><em>ἐν</em></span> <span class='ocrx_word' id='word_1_10' title='bbox 696 259 845 315; x_wconf 79' lang='grc' dir='ltr'><em>Ἀχαΐα</em></span> <span class='ocrx_word' id='word_1_11' title='bbox 875 260 981 302; x_wconf 82' lang='grc' dir='ltr'><em>ποτὲ</em></span> <span class='ocrx_word' id='word_1_12' title='bbox 1011 260 1314 315; x_wconf 72' lang='grc' dir='ltr'><em>οἰκησάντων,</em></span> <span class='ocrx_word' id='word_1_13' title='bbox 1354 263 1540 310; x_wconf 70' lang='grc' dir='ltr'><em>πολλαῖς</em></span> <span class='ocrx_word' id='word_1_14' title='bbox 1569 276 1644 315; x_wconf 76' lang='grc' dir='ltr'>γε-</span> 
     </span>
     <span class='ocr_line' id='line_1_3' title="bbox 122 328 1642 384; baseline -0.001 -12"><span class='ocrx_word' id='word_1_15' title='bbox 122 337 244 379; x_wconf 74' lang='grc' dir='ltr'><em>νεαῖς</em></span> <span class='ocrx_word' id='word_1_16' title='bbox 281 329 502 384; x_wconf 86' lang='grc' dir='ltr'><em>πρότερον</em></span> <span class='ocrx_word' id='word_1_17' title='bbox 540 332 621 371; x_wconf 86' lang='grc' dir='ltr'>τοῦ</span> <span class='ocrx_word' id='word_1_18' title='bbox 661 328 858 384; x_wconf 86' lang='grc' dir='ltr'><em>πολέμου</em></span> <span class='ocrx_word' id='word_1_19' title='bbox 897 331 978 370; x_wconf 85' lang='grc' dir='ltr'>τοῦ</span> <span class='ocrx_word' id='word_1_20' title='bbox 1024 331 1229 382; x_wconf 75' lang='grc' dir='ltr'><em>Τρωικοῦ</em></span> <span class='ocrx_word' id='word_1_21' title='bbox 1268 328 1642 383; x_wconf 77' lang='grc' dir='ltr'><em>μεταναστάντας.</em></span> 
     </span>
     <span class='ocr_line' id='line_1_4' title="bbox 122 389 1645 452; baseline -0.001 -13"><span class='ocrx_word' id='word_1_22' title='bbox 122 396 273 440; x_wconf 82' lang='grc' dir='ltr'><em>οὐκέτι</em></span> <span class='ocrx_word' id='word_1_23' title='bbox 302 396 453 452; x_wconf 79' lang='grc' dir='ltr'><em>μέντοι</em></span> <span class='ocrx_word' id='word_1_24' title='bbox 474 396 748 450; x_wconf 78' lang='grc' dir='ltr'><em>διορίζουσιν</em></span> <span class='ocrx_word' id='word_1_25' title='bbox 769 393 870 438; x_wconf 78' lang='grc' dir='ltr'><em>οὔτε</em></span> <span class='ocrx_word' id='word_1_26' title='bbox 903 398 1053 449; x_wconf 84' lang='grc' dir='ltr'><em>φῦλον</em></span> <span class='ocrx_word' id='word_1_27' title='bbox 1078 394 1338 450; x_wconf 79' lang='grc' dir='ltr'><em>Ἑλληνικὸν</em></span> <span class='ocrx_word' id='word_1_28' title='bbox 1368 389 1423 438; x_wconf 81' lang='grc' dir='ltr'>οὗ</span> <span class='ocrx_word' id='word_1_29' title='bbox 1443 403 1645 451; x_wconf 81' lang='grc' dir='ltr'><em>μετεῖχον</em></span> 
     </span>
     <span class='ocr_line' id='line_1_5' title="bbox 122 457 1644 518; baseline -0.001 -12"><span class='ocrx_word' id='word_1_30' title='bbox 122 463 227 507; x_wconf 85' lang='grc' dir='ltr'><em>οὔτε</em></span> <span class='ocrx_word' id='word_1_31' title='bbox 265 464 400 506; x_wconf 88' lang='grc' dir='ltr'><em>πόλιν</em></span> <span class='ocrx_word' id='word_1_32' title='bbox 440 464 485 514; x_wconf 80' lang='grc' dir='ltr'>ἐξ</span> <span class='ocrx_word' id='word_1_33' title='bbox 516 457 567 518; x_wconf 81' lang='grc' dir='ltr'>ἧς</span> <span class='ocrx_word' id='word_1_34' title='bbox 605 462 919 518; x_wconf 72' lang='grc' dir='ltr'><em>ἀπανέστησαν</em></span> <span class='ocrx_word' id='word_1_35' title='bbox 964 461 1068 505; x_wconf 79' lang='grc' dir='ltr'><em>οὔτε</em></span> <span class='ocrx_word' id='word_1_36' title='bbox 1106 464 1272 518; x_wconf 88' lang='grc' dir='ltr'><em>χρόνον</em></span> <span class='ocrx_word' id='word_1_37' title='bbox 1309 462 1415 506; x_wconf 79' lang='grc' dir='ltr'><em>οὔθ’</em></span> <span class='ocrx_word' id='word_1_38' title='bbox 1449 462 1644 518; x_wconf 75' lang='grc' dir='ltr'><em>ἡγεμόνα</em></span> 
     </span>
    </p>

    <p class='ocr_par' dir='ltr' id='par_1_3' title="bbox 87 527 1645 721">
     <span class='ocr_line' id='line_1_6' title="bbox 87 527 1645 586; baseline -0.001 -13"><span class='ocrx_word' id='word_1_39' title='bbox 87 547 104 572; x_wconf 78' lang='lat'>5</span> <span class='ocrx_word' id='word_1_40' title='bbox 122 535 197 586; x_wconf 80' lang='grc' dir='ltr'>τῆς</span> <span class='ocrx_word' id='word_1_41' title='bbox 218 530 423 581; x_wconf 74' lang='grc' dir='ltr'><em>ἀποικίας</em></span> <span class='ocrx_word' id='word_1_42' title='bbox 454 529 561 573; x_wconf 80' lang='grc' dir='ltr'><em>οὔθ’</em></span> <span class='ocrx_word' id='word_1_43' title='bbox 595 529 770 580; x_wconf 82' lang='grc' dir='ltr'><em>ὁποίαις</em></span> <span class='ocrx_word' id='word_1_44' title='bbox 800 530 953 585; x_wconf 82' lang='grc' dir='ltr'><em>τύχαις</em></span> <span class='ocrx_word' id='word_1_45' title='bbox 973 532 1244 586; x_wconf 75' lang='grc' dir='ltr'><em>χρησάμενοι</em></span> <span class='ocrx_word' id='word_1_46' title='bbox 1266 527 1347 586; x_wconf 81' lang='grc' dir='ltr'><em>τὴν</em></span> <span class='ocrx_word' id='word_1_47' title='bbox 1367 530 1645 586; x_wconf 83' lang='grc' dir='ltr'><em>μητρόπολιν</em></span> 
     </span>
     <span class='ocr_line' id='line_1_7' title="bbox 121 597 1643 654; baseline 0 -14"><span class='ocrx_word' id='word_1_48' title='bbox 121 597 356 641; x_wconf 81' lang='grc' dir='ltr'><em>άπέλιπον·</em></span> <span class='ocrx_word' id='word_1_49' title='bbox 393 597 637 654; x_wconf 77' lang='grc' dir='ltr'><em>Ἑλληνικῷ</em></span> <span class='ocrx_word' id='word_1_50' title='bbox 679 614 725 640; x_wconf 90' lang='grc' dir='ltr'>τε</span> <span class='ocrx_word' id='word_1_51' title='bbox 762 598 895 654; x_wconf 79' lang='grc' dir='ltr'><em>μύθῳ</em></span> <span class='ocrx_word' id='word_1_52' title='bbox 939 599 1208 653; x_wconf 84' lang='grc' dir='ltr'><em>χρησάμενοι</em></span> <span class='ocrx_word' id='word_1_53' title='bbox 1256 598 1420 641; x_wconf 79' lang='grc' dir='ltr'><em>οὐδένα</em></span> <span class='ocrx_word' id='word_1_54' title='bbox 1462 601 1554 641; x_wconf 79' lang='grc' dir='ltr'><em>τῶν</em></span> <span class='ocrx_word' id='word_1_55' title='bbox 1591 597 1643 640; x_wconf 77' lang='grc' dir='ltr'>τά</span> 
     </span>
     <span class='ocr_line' id='line_1_8' title="bbox 112 662 1250 721; baseline -0.001 -13"><span class='ocrx_word' id='word_1_56' title='bbox 112 664 346 721; x_wconf 76' lang='grc' dir='ltr'><em>Ἑλληνικὰ</em></span> <span class='ocrx_word' id='word_1_57' title='bbox 376 666 648 721; x_wconf 76' lang='grc' dir='ltr'><em>γραψάντων</em></span> <span class='ocrx_word' id='word_1_58' title='bbox 678 662 930 720; x_wconf 80' lang='grc' dir='ltr'><em>βεβαιωτὴν</em></span> <span class='ocrx_word' id='word_1_59' title='bbox 960 665 1250 719; x_wconf 86' lang='grc' dir='ltr'><em>παρέσχοντο.</em></span> 
     </span>
    </p>

    <p class='ocr_par' dir='ltr' id='par_1_4' title="bbox 120 733 1641 856">
     <span class='ocr_line' id='line_1_9' title="bbox 234 733 1641 788; baseline 0 -12"><span class='ocrx_word' id='word_1_60' title='bbox 234 735 276 776; x_wconf 81' lang='grc'>7.</span> <span class='ocrx_word' id='word_1_61' title='bbox 307 738 433 776; x_wconf 68' lang='lat' dir='ltr'>Pl’e&#39;sc.</span> <span class='ocrx_word' id='word_1_62' title='bbox 467 738 498 776; x_wconf 92' lang='lat' dir='ltr'><em>V</em></span> <span class='ocrx_word' id='word_1_63' title='bbox 522 748 567 786; x_wconf 78' lang='lat' dir='ltr'>p.</span> <span class='ocrx_word' id='word_1_64' title='bbox 590 733 671 775; x_wconf 80' lang='lat'>668</span> <span class='ocrx_word' id='word_1_65' title='bbox 693 737 736 774; x_wconf 90' lang='lat' dir='ltr'>P.</span> <span class='ocrx_word' id='word_1_66' title='bbox 764 734 843 775; x_wconf 73' lang='lat'>182</span> <span class='ocrx_word' id='word_1_67' title='bbox 863 737 915 775; x_wconf 88' lang='lat' dir='ltr'>H.</span> <span class='ocrx_word' id='word_1_68' title='bbox 949 736 1043 775; x_wconf 79' lang='lat' dir='ltr'>Cato</span> <span class='ocrx_word' id='word_1_69' title='bbox 1064 759 1120 764; x_wconf 84' lang='lat'><strong>—</strong></span> <span class='ocrx_word' id='word_1_70' title='bbox 1141 739 1181 775; x_wconf 92' lang='lat' dir='ltr'>in</span> <span class='ocrx_word' id='word_1_71' title='bbox 1204 737 1219 775; x_wconf 98' lang='grc' dir='ltr'>Ι</span> <span class='ocrx_word' id='word_1_72' title='bbox 1242 738 1462 788; x_wconf 79' lang='lat' dir='ltr'>originum:</span> <span class='ocrx_word' id='word_1_73' title='bbox 1495 738 1641 788; x_wconf 78' lang='lat' dir='ltr'>Agrum</span> 
     </span>
     <span class='ocr_line' id='line_1_10' title="bbox 120 804 1520 856; baseline -0.001 -12"><span class='ocrx_word' id='word_1_74' title='bbox 120 817 237 856; x_wconf 79' lang='lat' dir='ltr'>quein</span> <span class='ocrx_word' id='word_1_75' title='bbox 269 804 401 844; x_wconf 78' lang='lat' dir='ltr'>Volsci</span> <span class='ocrx_word' id='word_1_76' title='bbox 432 804 672 848; x_wconf 80' lang='lat' dir='ltr'>hahuerunt,</span> <span class='ocrx_word' id='word_1_77' title='bbox 706 805 940 855; x_wconf 76' lang='lat' dir='ltr'>campestris</span> <span class='ocrx_word' id='word_1_78' title='bbox 972 804 1107 855; x_wconf 74' lang='lat' dir='ltr'>plerus</span> <span class='ocrx_word' id='word_1_79' title='bbox 1138 804 1400 856; x_wconf 74' lang='lat' dir='ltr'>Ahm‘iginum</span> <span class='ocrx_word' id='word_1_80' title='bbox 1432 806 1520 844; x_wconf 87' lang='lat' dir='ltr'>suit.</span> 
     </span>
    </p>

    <p class='ocr_par' dir='ltr' id='par_1_5' title="bbox 74 869 1644 1194">
     <span class='ocr_line' id='line_1_11' title="bbox 74 869 1642 923; baseline 0.001 -13"><span class='ocrx_word' id='word_1_81' title='bbox 74 886 106 910; x_wconf 84' lang='lat'>10</span> <span class='ocrx_word' id='word_1_82' title='bbox 236 870 315 911; x_wconf 41' lang='lat' dir='ltr'>Si.</span> <span class='ocrx_word' id='word_1_83' title='bbox 346 873 461 912; x_wconf 81' lang='lat' dir='ltr'>Seru.</span> <span class='ocrx_word' id='word_1_84' title='bbox 494 873 552 910; x_wconf 81' lang='lat' dir='ltr'>ad</span> <span class='ocrx_word' id='word_1_85' title='bbox 580 873 677 911; x_wconf 81' lang='lat' dir='ltr'>Aen.</span> <span class='ocrx_word' id='word_1_86' title='bbox 695 872 763 910; x_wconf 75' lang='lat' dir='ltr'>XI</span> <span class='ocrx_word' id='word_1_87' title='bbox 789 869 871 911; x_wconf 82' lang='lat'>316</span> <span class='ocrx_word' id='word_1_88' title='bbox 901 871 1010 911; x_wconf 80' lang='lat' dir='ltr'>Vnde</span> <span class='ocrx_word' id='word_1_89' title='bbox 1042 873 1241 923; x_wconf 79' lang='lat' dir='ltr'>sequenda</span> <span class='ocrx_word' id='word_1_90' title='bbox 1274 878 1334 911; x_wconf 82' lang='lat' dir='ltr'>est</span> <span class='ocrx_word' id='word_1_91' title='bbox 1363 874 1496 923; x_wconf 82' lang='lat' dir='ltr'>potius</span> <span class='ocrx_word' id='word_1_92' title='bbox 1525 873 1642 916; x_wconf 85' lang='lat' dir='ltr'>Liuii,</span> 
     </span>
     <span class='ocr_line' id='line_1_12' title="bbox 119 940 1642 991; baseline -0.001 -12"><span class='ocrx_word' id='word_1_93' title='bbox 119 941 308 979; x_wconf 75' lang='lat' dir='ltr'>Sisennae</span> <span class='ocrx_word' id='word_1_94' title='bbox 331 946 370 979; x_wconf 85' lang='lat' dir='ltr'>et</span> <span class='ocrx_word' id='word_1_95' title='bbox 392 940 551 979; x_wconf 79' lang='lat' dir='ltr'>Catonis</span> <span class='ocrx_word' id='word_1_96' title='bbox 573 941 800 979; x_wconf 77' lang='lat' dir='ltr'>auctoritas.</span> <span class='ocrx_word' id='word_1_97' title='bbox 853 952 942 978; x_wconf 79' lang='lat' dir='ltr'>nam</span> <span class='ocrx_word' id='word_1_98' title='bbox 974 952 1099 991; x_wconf 76' lang='lat' dir='ltr'>paene</span> <span class='ocrx_word' id='word_1_99' title='bbox 1131 952 1268 979; x_wconf 84' lang='lat' dir='ltr'>omnes</span> <span class='ocrx_word' id='word_1_100' title='bbox 1300 942 1486 991; x_wconf 79' lang='lat' dir='ltr'>antiquae</span> <span class='ocrx_word' id='word_1_101' title='bbox 1518 941 1642 980; x_wconf 82' lang='lat' dir='ltr'>histo--</span> 
     </span>
     <span class='ocr_line' id='line_1_13' title="bbox 119 1007 1641 1059; baseline 0.001 -14"><span class='ocrx_word' id='word_1_102' title='bbox 119 1010 201 1047; x_wconf 81' lang='lat' dir='ltr'>riae</span> <span class='ocrx_word' id='word_1_103' title='bbox 234 1009 451 1059; x_wconf 73' lang='lat' dir='ltr'>scriptores</span> <span class='ocrx_word' id='word_1_104' title='bbox 484 1009 523 1046; x_wconf 88' lang='lat' dir='ltr'>in</span> <span class='ocrx_word' id='word_1_105' title='bbox 555 1008 629 1046; x_wconf 88' lang='lat' dir='ltr'>hoc</span> <span class='ocrx_word' id='word_1_106' title='bbox 662 1009 930 1046; x_wconf 83' lang='lat' dir='ltr'>consentiunt.</span> <span class='ocrx_word' id='word_1_107' title='bbox 992 1007 1085 1047; x_wconf 80' lang='lat' dir='ltr'>Cato</span> <span class='ocrx_word' id='word_1_108' title='bbox 1117 1009 1223 1047; x_wconf 87' lang='lat' dir='ltr'>enim</span> <span class='ocrx_word' id='word_1_109' title='bbox 1254 1010 1295 1047; x_wconf 90' lang='lat' dir='ltr'>in</span> <span class='ocrx_word' id='word_1_110' title='bbox 1327 1008 1552 1059; x_wconf 80' lang='lat' dir='ltr'>originibus</span> <span class='ocrx_word' id='word_1_111' title='bbox 1584 1009 1641 1048; x_wconf 84' lang='lat' dir='ltr'>di-</span> 
     </span>
     <span class='ocr_line' id='line_1_14' title="bbox 119 1075 1643 1127; baseline 0.001 -14"><span class='ocrx_word' id='word_1_112' title='bbox 119 1078 185 1120; x_wconf 75' lang='lat' dir='ltr'>cit,</span> <span class='ocrx_word' id='word_1_113' title='bbox 218 1076 409 1114; x_wconf 79' lang='lat' dir='ltr'>Troianos</span> <span class='ocrx_word' id='word_1_114' title='bbox 441 1088 461 1113; x_wconf 80' lang='lat' dir='ltr'>a</span> <span class='ocrx_word' id='word_1_115' title='bbox 483 1075 624 1114; x_wconf 83' lang='lat' dir='ltr'>Latino</span> <span class='ocrx_word' id='word_1_116' title='bbox 656 1078 858 1127; x_wconf 80' lang='lat' dir='ltr'>accepisse</span> <span class='ocrx_word' id='word_1_117' title='bbox 890 1087 1042 1126; x_wconf 76' lang='lat' dir='ltr'>agrum,</span> <span class='ocrx_word' id='word_1_118' title='bbox 1075 1077 1144 1126; x_wconf 85' lang='lat' dir='ltr'>qui</span> <span class='ocrx_word' id='word_1_119' title='bbox 1176 1081 1234 1115; x_wconf 87' lang='lat' dir='ltr'>est</span> <span class='ocrx_word' id='word_1_120' title='bbox 1266 1078 1370 1115; x_wconf 82' lang='lat' dir='ltr'>inter</span> <span class='ocrx_word' id='word_1_121' title='bbox 1398 1076 1643 1115; x_wconf 72' lang='lat' dir='ltr'>Laurentum</span> 
     </span>
     <span class='ocr_line' id='line_1_15' title="bbox 119 1143 1644 1194; baseline 0.001 -13"><span class='ocrx_word' id='word_1_122' title='bbox 119 1149 158 1181; x_wconf 71' lang='lat' dir='ltr'>ct.</span> <span class='ocrx_word' id='word_1_123' title='bbox 189 1148 318 1183; x_wconf 75' lang='lat' dir='ltr'>castra</span> <span class='ocrx_word' id='word_1_124' title='bbox 349 1144 532 1182; x_wconf 75' lang='lat' dir='ltr'>Troiana.</span> <span class='ocrx_word' id='word_1_125' title='bbox 594 1143 659 1182; x_wconf 91' lang='lat' dir='ltr'>hic</span> <span class='ocrx_word' id='word_1_126' title='bbox 691 1145 809 1182; x_wconf 77' lang='lat' dir='ltr'>etiam</span> <span class='ocrx_word' id='word_1_127' title='bbox 841 1143 1002 1182; x_wconf 81' lang='lat' dir='ltr'>moduni</span> <span class='ocrx_word' id='word_1_128' title='bbox 1035 1145 1119 1194; x_wconf 77' lang='lat' dir='ltr'>agri</span> <span class='ocrx_word' id='word_1_129' title='bbox 1160 1149 1444 1183; x_wconf 81' lang='lat' dir='ltr'>commemorat</span> <span class='ocrx_word' id='word_1_130' title='bbox 1475 1149 1514 1183; x_wconf 86' lang='lat' dir='ltr'>et</span> <span class='ocrx_word' id='word_1_131' title='bbox 1545 1144 1644 1183; x_wconf 86' lang='lat' dir='ltr'>dicit</span> 
     </span>
    </p>

    <p class='ocr_par' dir='ltr' id='par_1_6' title="bbox 73 1201 774 1261">
     <span class='ocr_line' id='line_1_16' title="bbox 73 1201 774 1261; baseline 0.004 -14"><span class='ocrx_word' id='word_1_132' title='bbox 73 1224 103 1248; x_wconf 88' lang='lat'>15</span> <span class='ocrx_word' id='word_1_133' title='bbox 122 1224 212 1250; x_wconf 84' lang='grc'><strong>011111</strong></span> <span class='ocrx_word' id='word_1_134' title='bbox 244 1210 433 1250; x_wconf 75' lang='lat' dir='ltr'>hahuisse</span> <span class='ocrx_word' id='word_1_135' title='bbox 465 1212 602 1261; x_wconf 78' lang='lat' dir='ltr'>iugera</span> <span class='ocrx_word' id='word_1_136' title='bbox 632 1201 774 1250; x_wconf 69' lang='lat' dir='ltr'><strong>I—IDCC.</strong></span> 
     </span>
    </p>

    <p class='ocr_par' dir='ltr' id='par_1_7' title="bbox 117 1276 1640 1391">
     <span class='ocr_line' id='line_1_17' title="bbox 229 1276 1640 1330; baseline 0 -13"><span class='ocrx_word' id='word_1_137' title='bbox 229 1276 308 1317; x_wconf 63' lang='lat'>9²³³.</span> <span class='ocrx_word' id='word_1_138' title='bbox 346 1279 463 1317; x_wconf 79' lang='lat' dir='ltr'><strong><em>Seru.</em></strong></span> <span class='ocrx_word' id='word_1_139' title='bbox 496 1280 552 1317; x_wconf 77' lang='lat' dir='ltr'>ad</span> <span class='ocrx_word' id='word_1_140' title='bbox 581 1279 678 1317; x_wconf 83' lang='lat' dir='ltr'>Aen.</span> <span class='ocrx_word' id='word_1_141' title='bbox 712 1279 739 1317; x_wconf 94' lang='lat' dir='ltr'><em>I</em></span> <span class='ocrx_word' id='word_1_142' title='bbox 765 1276 844 1317; x_wconf 79' lang='lat'>267</span> <span class='ocrx_word' id='word_1_143' title='bbox 886 1279 997 1318; x_wconf 80' lang='lat' dir='ltr'><strong>Licet</strong></span> <span class='ocrx_word' id='word_1_144' title='bbox 1038 1280 1224 1330; x_wconf 77' lang='lat' dir='ltr'>superius</span> <span class='ocrx_word' id='word_1_145' title='bbox 1263 1279 1429 1319; x_wconf 76' lang='lat' dir='ltr'>historia</span> <span class='ocrx_word' id='word_1_146' title='bbox 1460 1282 1511 1319; x_wconf 86' lang='lat' dir='ltr'>sit</span> <span class='ocrx_word' id='word_1_147' title='bbox 1548 1291 1640 1318; x_wconf 79' lang='lat' dir='ltr'>nar-</span> 
     </span>
     <span class='ocr_line' id='line_1_18' title="bbox 117 1345 1637 1391; baseline 0.001 -7"><span class='ocrx_word' id='word_1_148' title='bbox 117 1351 214 1391; x_wconf 74' lang='lat' dir='ltr'>rata,</span> <span class='ocrx_word' id='word_1_149' title='bbox 248 1352 378 1385; x_wconf 74' lang='lat' dir='ltr'>tamen</span> <span class='ocrx_word' id='word_1_150' title='bbox 411 1347 529 1385; x_wconf 78' lang='lat' dir='ltr'>etiam</span> <span class='ocrx_word' id='word_1_151' title='bbox 562 1345 781 1386; x_wconf 84' lang='lat' dir='ltr'>secundum</span> <span class='ocrx_word' id='word_1_152' title='bbox 813 1347 1001 1385; x_wconf 78' lang='lat' dir='ltr'>Catonem</span> <span class='ocrx_word' id='word_1_153' title='bbox 1041 1347 1231 1386; x_wconf 76' lang='lat' dir='ltr'>historiae</span> <span class='ocrx_word' id='word_1_154' title='bbox 1262 1348 1337 1386; x_wconf 92' lang='lat' dir='ltr'>hoc</span> <span class='ocrx_word' id='word_1_155' title='bbox 1368 1347 1490 1387; x_wconf 78' lang='lat' dir='ltr'>hahet</span> <span class='ocrx_word' id='word_1_156' title='bbox 1521 1347 1637 1387; x_wconf 85' lang='lat' dir='ltr'>fides:</span> 
     </span>
    </p>
   </div>
   <div class='ocr_carea' id='block_1_3' title="bbox 114 1490 1639 1940">
    <p class='ocr_par' dir='ltr' id='par_1_8' title="bbox 114 1490 1639 1624">
     <span class='ocr_line' id='line_1_19' title="bbox 207 1490 1639 1535; baseline 0 -10"><span class='ocrx_word' id='word_1_157' title='bbox 207 1490 241 1525; x_wconf 81' lang='grc'>7.</span> <span class='ocrx_word' id='word_1_158' title='bbox 269 1493 398 1525; x_wconf 81' lang='lat' dir='ltr'><em>Eadem</em></span> <span class='ocrx_word' id='word_1_159' title='bbox 423 1491 562 1524; x_wconf 77' lang='lat' dir='ltr'>Catonis</span> <span class='ocrx_word' id='word_1_160' title='bbox 587 1492 692 1524; x_wconf 79' lang='lat' dir='ltr'>uerba</span> <span class='ocrx_word' id='word_1_161' title='bbox 716 1494 854 1534; x_wconf 76' lang='lat' dir='ltr'>repetiit</span> <span class='ocrx_word' id='word_1_162' title='bbox 880 1493 1078 1525; x_wconf 76' lang='lat' dir='ltr'>Priscianus</span> <span class='ocrx_word' id='word_1_163' title='bbox 1101 1493 1154 1525; x_wconf 92' lang='lat' dir='ltr'>VI</span> <span class='ocrx_word' id='word_1_164' title='bbox 1178 1504 1213 1535; x_wconf 85' lang='lat' dir='ltr'>p.</span> <span class='ocrx_word' id='word_1_165' title='bbox 1233 1494 1297 1525; x_wconf 85' lang='grc'><strong>696</strong></span> <span class='ocrx_word' id='word_1_166' title='bbox 1316 1494 1355 1525; x_wconf 93' lang='lat' dir='ltr'>P.</span> <span class='ocrx_word' id='word_1_167' title='bbox 1380 1495 1446 1526; x_wconf 83' lang='lat'>230</span> <span class='ocrx_word' id='word_1_168' title='bbox 1463 1493 1513 1525; x_wconf 88' lang='lat' dir='ltr'>H.</span> <span class='ocrx_word' id='word_1_169' title='bbox 1537 1504 1639 1534; x_wconf 80' lang='lat' dir='ltr'>prae-</span> 
     </span>
     <span class='ocr_line' id='line_1_20' title="bbox 115 1537 1639 1580; baseline 0.001 -11"><span class='ocrx_word' id='word_1_170' title='bbox 115 1541 211 1569; x_wconf 77' lang='lat' dir='ltr'>terea</span> <span class='ocrx_word' id='word_1_171' title='bbox 242 1543 383 1570; x_wconf 64' lang='lat' dir='ltr'>eoestare</span> <span class='ocrx_word' id='word_1_172' title='bbox 415 1539 449 1570; x_wconf 82' lang='lat' dir='ltr'>in</span> <span class='ocrx_word' id='word_1_173' title='bbox 474 1537 551 1569; x_wconf 81' lang='grc' dir='ltr'><em>Μαι·</em></span> <span class='ocrx_word' id='word_1_174' title='bbox 579 1538 726 1570; x_wconf 78' lang='lat' dir='ltr'>thesaur.</span> <span class='ocrx_word' id='word_1_175' title='bbox 759 1548 836 1570; x_wconf 81' lang='lat' dir='ltr'>nou.</span> <span class='ocrx_word' id='word_1_176' title='bbox 869 1539 909 1570; x_wconf 81' lang='lat' dir='ltr'>cl.</span> <span class='ocrx_word' id='word_1_177' title='bbox 943 1542 1031 1570; x_wconf 79' lang='lat' dir='ltr'>auct.</span> <span class='ocrx_word' id='word_1_178' title='bbox 1066 1538 1166 1570; x_wconf 91' lang='lat' dir='ltr'><em>VIII</em></span> <span class='ocrx_word' id='word_1_179' title='bbox 1196 1550 1230 1580; x_wconf 86' lang='lat' dir='ltr'>p.</span> <span class='ocrx_word' id='word_1_180' title='bbox 1258 1539 1335 1571; x_wconf 83' lang='lat'>389.</span> <span class='ocrx_word' id='word_1_181' title='bbox 1367 1550 1401 1580; x_wconf 84' lang='lat' dir='ltr'>p.</span> <span class='ocrx_word' id='word_1_182' title='bbox 1432 1540 1475 1571; x_wconf 89' lang='lat'>54</span> <span class='ocrx_word' id='word_1_183' title='bbox 1506 1539 1639 1571; x_wconf 80' lang='lat' dir='ltr'>Jordan</span> 
     </span>
     <span class='ocr_line' id='line_1_21' title="bbox 114 1584 354 1624; baseline 0.004 -11"><span class='ocrx_word' id='word_1_184' title='bbox 114 1594 149 1624; x_wconf 80' lang='lat' dir='ltr'>p.</span> <span class='ocrx_word' id='word_1_185' title='bbox 176 1584 196 1614; x_wconf 77' lang='lat'><strong>4</strong></span> <span class='ocrx_word' id='word_1_186' title='bbox 221 1584 354 1615; x_wconf 76' lang='lat' dir='ltr'>monuit.</span> 
     </span>
    </p>

    <p class='ocr_par' dir='ltr' id='par_1_9' title="bbox 205 1626 813 1668">
     <span class='ocr_line' id='line_1_22' title="bbox 205 1626 813 1668; baseline -0.003 -7"><span class='ocrx_word' id='word_1_187' title='bbox 205 1626 244 1661; x_wconf 83' lang='grc'>8.</span> <span class='ocrx_word' id='word_1_188' title='bbox 271 1628 316 1667; x_wconf 80' lang='lat' dir='ltr'>cf.</span> <span class='ocrx_word' id='word_1_189' title='bbox 343 1628 476 1660; x_wconf 78' lang='lat' dir='ltr'>Sisenn.</span> <span class='ocrx_word' id='word_1_190' title='bbox 499 1629 549 1668; x_wconf 80' lang='lat' dir='ltr'>fr.</span> <span class='ocrx_word' id='word_1_191' title='bbox 573 1629 606 1659; x_wconf 77' lang='lat'>2.</span> <span class='ocrx_word' id='word_1_192' title='bbox 632 1629 710 1659; x_wconf 73' lang='lat' dir='ltr'>Lz&#39;u.</span> <span class='ocrx_word' id='word_1_193' title='bbox 738 1628 760 1659; x_wconf 96' lang='lat' dir='ltr'><em>I</em></span> <span class='ocrx_word' id='word_1_194' title='bbox 785 1631 813 1659; x_wconf 91' lang='lat'>1.</span> 
     </span>
    </p>

    <p class='ocr_par' dir='ltr' id='par_1_10' title="bbox 115 1671 1637 1940">
     <span class='ocr_line' id='line_1_23' title="bbox 206 1671 1637 1715; baseline 0 -9"><span class='ocrx_word' id='word_1_195' title='bbox 206 1671 246 1706; x_wconf 78' lang='grc'>9.</span> <span class='ocrx_word' id='word_1_196' title='bbox 279 1673 582 1715; x_wconf 69' lang='lat' dir='ltr'>Vid.Hyg]in.fab.</span> <span class='ocrx_word' id='word_1_197' title='bbox 600 1674 683 1705; x_wconf 79' lang='lat'><strong>260:</strong></span> <span class='ocrx_word' id='word_1_198' title='bbox 709 1673 905 1715; x_wconf 80' lang='lat' dir='ltr'>Anchisen,</span> <span class='ocrx_word' id='word_1_199' title='bbox 930 1673 1018 1706; x_wconf 78' lang='lat' dir='ltr'>licet</span> <span class='ocrx_word' id='word_1_200' title='bbox 1042 1673 1243 1706; x_wconf 83' lang='lat' dir='ltr'>secundum</span> <span class='ocrx_word' id='word_1_201' title='bbox 1268 1674 1483 1706; x_wconf 77' lang='lat' dir='ltr'>Catonem</span> <span class='ocrx_word' id='word_1_202' title='bbox 1511 1675 1547 1705; x_wconf 90' lang='lat' dir='ltr'>in</span> <span class='ocrx_word' id='word_1_203' title='bbox 1566 1675 1637 1706; x_wconf 79' lang='lat' dir='ltr'>Ita-</span> 
     </span>
     <span class='ocr_line' id='line_1_24' title="bbox 115 1717 1637 1761; baseline 0.001 -13"><span class='ocrx_word' id='word_1_204' title='bbox 115 1717 200 1749; x_wconf 79' lang='lat' dir='ltr'>liam</span> <span class='ocrx_word' id='word_1_205' title='bbox 226 1719 382 1750; x_wconf 80' lang='lat' dir='ltr'>uenerit.</span> <span class='ocrx_word' id='word_1_206' title='bbox 418 1720 476 1757; x_wconf 87' lang='lat'>(=</span> <span class='ocrx_word' id='word_1_207' title='bbox 493 1717 592 1751; x_wconf 78' lang='lat' dir='ltr'>Ser-u.</span> <span class='ocrx_word' id='word_1_208' title='bbox 612 1719 658 1750; x_wconf 76' lang='lat' dir='ltr'>acl</span> <span class='ocrx_word' id='word_1_209' title='bbox 675 1718 761 1750; x_wconf 77' lang='lat' dir='ltr'>Aen.</span> <span class='ocrx_word' id='word_1_210' title='bbox 780 1719 800 1749; x_wconf 94' lang='lat' dir='ltr'><em>I</em></span> <span class='ocrx_word' id='word_1_211' title='bbox 825 1720 907 1751; x_wconf 83' lang='lat'>570:</span> <span class='ocrx_word' id='word_1_212' title='bbox 936 1720 971 1750; x_wconf 81' lang='lat' dir='ltr'>[n</span> <span class='ocrx_word' id='word_1_213' title='bbox 988 1718 1056 1750; x_wconf 85' lang='lat' dir='ltr'>hoc</span> <span class='ocrx_word' id='word_1_214' title='bbox 1081 1723 1203 1751; x_wconf 80' lang='lat' dir='ltr'>autem</span> <span class='ocrx_word' id='word_1_215' title='bbox 1229 1722 1350 1752; x_wconf 79' lang='lat' dir='ltr'>monte</span> <span class='ocrx_word' id='word_1_216' title='bbox 1376 1718 1559 1761; x_wconf 69' lang='lat' dir='ltr'>(Erycino)</span> <span class='ocrx_word' id='word_1_217' title='bbox 1586 1719 1637 1750; x_wconf 86' lang='lat' dir='ltr'>di-</span> 
     </span>
     <span class='ocr_line' id='line_1_25' title="bbox 116 1762 1636 1804; baseline 0.001 -10"><span class='ocrx_word' id='word_1_218' title='bbox 116 1763 211 1794; x_wconf 80' lang='lat' dir='ltr'>eitur</span> <span class='ocrx_word' id='word_1_219' title='bbox 247 1764 356 1794; x_wconf 84' lang='lat' dir='ltr'>etiam</span> <span class='ocrx_word' id='word_1_220' title='bbox 394 1762 571 1794; x_wconf 81' lang='lat' dir='ltr'>Anchises</span> <span class='ocrx_word' id='word_1_221' title='bbox 609 1763 791 1804; x_wconf 78' lang='lat' dir='ltr'>sepultus,</span> <span class='ocrx_word' id='word_1_222' title='bbox 824 1763 911 1795; x_wconf 73' lang='lat' dir='ltr'>licet</span> <span class='ocrx_word' id='word_1_223' title='bbox 938 1764 1133 1797; x_wconf 86' lang='lat' dir='ltr'>secundum</span> <span class='ocrx_word' id='word_1_224' title='bbox 1168 1765 1381 1796; x_wconf 75' lang='lat' dir='ltr'>Catonem</span> <span class='ocrx_word' id='word_1_225' title='bbox 1418 1764 1465 1795; x_wconf 84' lang='lat' dir='ltr'>ad</span> <span class='ocrx_word' id='word_1_226' title='bbox 1489 1764 1636 1796; x_wconf 82' lang='lat' dir='ltr'>Italiam</span> 
     </span>
     <span class='ocr_line' id='line_1_26' title="bbox 115 1807 1637 1848; baseline 0.001 -9"><span class='ocrx_word' id='word_1_227' title='bbox 115 1807 284 1848; x_wconf 79' lang='lat' dir='ltr'>uenerit.)</span> <span class='ocrx_word' id='word_1_228' title='bbox 333 1807 431 1842; x_wconf 77' lang='lat' dir='ltr'>Seru.</span> <span class='ocrx_word' id='word_1_229' title='bbox 451 1809 497 1840; x_wconf 71' lang='lat' dir='ltr'>acl</span> <span class='ocrx_word' id='word_1_230' title='bbox 515 1808 599 1842; x_wconf 82' lang='lat' dir='ltr'>Aen.</span> <span class='ocrx_word' id='word_1_231' title='bbox 618 1808 710 1840; x_wconf 91' lang='lat' dir='ltr'><em>IIII</em></span> <span class='ocrx_word' id='word_1_232' title='bbox 733 1809 817 1840; x_wconf 79' lang='lat'>427:</span> <span class='ocrx_word' id='word_1_233' title='bbox 843 1809 1036 1841; x_wconf 67' lang='lat' dir='ltr'>Sciendum</span> <span class='ocrx_word' id='word_1_234' title='bbox 1062 1820 1149 1841; x_wconf 80' lang='lat' dir='ltr'>sane</span> <span class='ocrx_word' id='word_1_235' title='bbox 1168 1827 1210 1832; x_wconf 81' lang='lat'>-—</span> <span class='ocrx_word' id='word_1_236' title='bbox 1229 1809 1443 1841; x_wconf 82' lang='lat' dir='ltr'>Catonem</span> <span class='ocrx_word' id='word_1_237' title='bbox 1461 1827 1502 1832; x_wconf 85' lang='lat'><strong>—</strong></span> <span class='ocrx_word' id='word_1_238' title='bbox 1530 1809 1637 1841; x_wconf 83' lang='lat' dir='ltr'><strong>adfir-</strong></span> 
     </span>
     <span class='ocr_line' id='line_1_27' title="bbox 116 1853 1637 1895; baseline 0.003 -12"><span class='ocrx_word' id='word_1_239' title='bbox 116 1863 224 1892; x_wconf 79' lang='lat' dir='ltr'>mare,</span> <span class='ocrx_word' id='word_1_240' title='bbox 252 1853 347 1895; x_wconf 86' lang='lat' dir='ltr'>quod</span> <span class='ocrx_word' id='word_1_241' title='bbox 372 1853 550 1884; x_wconf 84' lang='lat' dir='ltr'>Anchises</span> <span class='ocrx_word' id='word_1_242' title='bbox 575 1853 622 1885; x_wconf 83' lang='lat' dir='ltr'>ad</span> <span class='ocrx_word' id='word_1_243' title='bbox 645 1853 791 1885; x_wconf 81' lang='lat' dir='ltr'>Italiam</span> <span class='ocrx_word' id='word_1_244' title='bbox 817 1854 968 1888; x_wconf 77' lang='lat' dir='ltr'>uenerit.</span> <span class='ocrx_word' id='word_1_245' title='bbox 987 1856 1047 1891; x_wconf 20' lang='lat' dir='ltr'>lad</span> <span class='ocrx_word' id='word_1_246' title='bbox 1062 1855 1130 1886; x_wconf 92' lang='lat' dir='ltr'>III</span> <span class='ocrx_word' id='word_1_247' title='bbox 1155 1856 1236 1887; x_wconf 79' lang='lat'>711:</span> <span class='ocrx_word' id='word_1_248' title='bbox 1263 1853 1374 1887; x_wconf 78' lang='lat' dir='ltr'>Cato</span> <span class='ocrx_word' id='word_1_249' title='bbox 1400 1866 1480 1887; x_wconf 83' lang='lat' dir='ltr'>eum</span> <span class='ocrx_word' id='word_1_250' title='bbox 1505 1855 1542 1886; x_wconf 85' lang='lat' dir='ltr'>in</span> <span class='ocrx_word' id='word_1_251' title='bbox 1567 1856 1637 1888; x_wconf 86' lang='lat' dir='ltr'>ori-</span> 
     </span>
     <span class='ocr_line' id='line_1_28' title="bbox 115 1897 1158 1940; baseline 0.003 -11"><span class='ocrx_word' id='word_1_252' title='bbox 115 1898 261 1939; x_wconf 84' lang='lat' dir='ltr'>ginibus</span> <span class='ocrx_word' id='word_1_253' title='bbox 285 1898 330 1930; x_wconf 88' lang='lat' dir='ltr'>ad</span> <span class='ocrx_word' id='word_1_254' title='bbox 355 1897 499 1930; x_wconf 76' lang='lat' dir='ltr'>Italiam</span> <span class='ocrx_word' id='word_1_255' title='bbox 525 1899 670 1931; x_wconf 81' lang='lat' dir='ltr'>uenisse</span> <span class='ocrx_word' id='word_1_256' title='bbox 696 1898 814 1934; x_wconf 81' lang='lat' dir='ltr'>docet.</span> <span class='ocrx_word' id='word_1_257' title='bbox 861 1899 905 1940; x_wconf 82' lang='lat' dir='ltr'>cf.</span> <span class='ocrx_word' id='word_1_258' title='bbox 930 1900 1032 1932; x_wconf 81' lang='lat' dir='ltr'>Dion.</span> <span class='ocrx_word' id='word_1_259' title='bbox 1058 1900 1078 1931; x_wconf 90' lang='lat' dir='ltr'><em>I</em></span> <span class='ocrx_word' id='word_1_260' title='bbox 1104 1901 1158 1932; x_wconf 85' lang='lat'>64.</span> 
     </span>
    </p>
   </div>
   <div class='ocr_carea' id='block_1_4' title="bbox 113 2042 1634 2605">
    <p class='ocr_par' dir='ltr' id='par_1_11' title="bbox 114 2042 1634 2375">
     <span class='ocr_line' id='line_1_29' title="bbox 228 2042 1634 2097; baseline 0.001 -13"><span class='ocrx_word' id='word_1_261' title='bbox 228 2042 277 2095; x_wconf 79' lang='grc'>7,</span> <span class='ocrx_word' id='word_1_262' title='bbox 308 2047 346 2084; x_wconf 84' lang='grc'>8.</span> <span class='ocrx_word' id='word_1_263' title='bbox 379 2049 413 2083; x_wconf 88' lang='grc'>111</span> <span class='ocrx_word' id='word_1_264' title='bbox 445 2059 513 2084; x_wconf 82' lang='lat' dir='ltr'>om.</span> <span class='ocrx_word' id='word_1_265' title='bbox 546 2048 740 2084; x_wconf 80' lang='lat' dir='ltr'>Halbersl.</span> <span class='ocrx_word' id='word_1_266' title='bbox 940 2060 1026 2096; x_wconf 77' lang='lat' dir='ltr'>ager</span> <span class='ocrx_word' id='word_1_267' title='bbox 1057 2050 1150 2086; x_wconf 75' lang='lat' dir='ltr'>thes.</span> <span class='ocrx_word' id='word_1_268' title='bbox 1181 2062 1218 2096; x_wconf 80' lang='lat' dir='ltr'>p.</span> <span class='ocrx_word' id='word_1_269' title='bbox 1253 2049 1346 2086; x_wconf 83' lang='lat'><strong>389.</strong></span> <span class='ocrx_word' id='word_1_270' title='bbox 1416 2061 1502 2097; x_wconf 74' lang='lat' dir='ltr'>ager</span> <span class='ocrx_word' id='word_1_271' title='bbox 1539 2051 1634 2097; x_wconf 79' lang='lat' dir='ltr'>quod</span> 
     </span>
     <span class='ocr_line' id='line_1_30' title="bbox 115 2103 1630 2153; baseline 0.002 -14"><span class='ocrx_word' id='word_1_272' title='bbox 115 2104 208 2139; x_wconf 76' lang='lat' dir='ltr'>thes.</span> <span class='ocrx_word' id='word_1_273' title='bbox 235 2115 275 2150; x_wconf 79' lang='lat' dir='ltr'>p.</span> <span class='ocrx_word' id='word_1_274' title='bbox 309 2103 374 2140; x_wconf 72' lang='lat'>54.</span> <span class='ocrx_word' id='word_1_275' title='bbox 443 2115 568 2151; x_wconf 75' lang='lat' dir='ltr'>agrum</span> <span class='ocrx_word' id='word_1_276' title='bbox 604 2124 650 2129; x_wconf 91' lang='lat'>-—-</span> <span class='ocrx_word' id='word_1_277' title='bbox 684 2104 913 2153; x_wconf 81' lang='lat' dir='ltr'>Aboriginem</span> <span class='ocrx_word' id='word_1_278' title='bbox 955 2117 1023 2141; x_wconf 86' lang='lat' dir='ltr'>om.</span> <span class='ocrx_word' id='word_1_279' title='bbox 1058 2106 1173 2153; x_wconf 63' lang='lat' dir='ltr'>Sans).</span> <span class='ocrx_word' id='word_1_280' title='bbox 1203 2118 1265 2152; x_wconf 79' lang='lat' dir='ltr'>pr.</span> <span class='ocrx_word' id='word_1_281' title='bbox 1298 2118 1344 2141; x_wconf 86' lang='lat' dir='ltr'>m.</span> <span class='ocrx_word' id='word_1_282' title='bbox 1376 2107 1512 2142; x_wconf 76' lang='lat' dir='ltr'>Karol.</span> <span class='ocrx_word' id='word_1_283' title='bbox 1545 2108 1630 2142; x_wconf 79' lang='lat' dir='ltr'><em>add.</em></span> 
     </span>
     <span class='ocr_line' id='line_1_31' title="bbox 115 2158 1630 2210; baseline 0.003 -16"><span class='ocrx_word' id='word_1_284' title='bbox 115 2160 230 2207; x_wconf 70' lang='lat' dir='ltr'>Scmq.</span> <span class='ocrx_word' id='word_1_285' title='bbox 271 2171 301 2195; x_wconf 85' lang='lat' dir='ltr'>s.</span> <span class='ocrx_word' id='word_1_286' title='bbox 341 2172 388 2195; x_wconf 84' lang='lat' dir='ltr'>m.</span> <span class='ocrx_word' id='word_1_287' title='bbox 588 2160 624 2196; x_wconf 84' lang='lat'>9.</span> <span class='ocrx_word' id='word_1_288' title='bbox 665 2158 789 2210; x_wconf 80' lang='lat' dir='ltr'>quein]</span> <span class='ocrx_word' id='word_1_289' title='bbox 831 2162 922 2196; x_wconf 80' lang='lat' dir='ltr'><em>Par.</em></span> <span class='ocrx_word' id='word_1_290' title='bbox 955 2162 990 2198; x_wconf 83' lang='lat' dir='ltr'><em>R</em></span> <span class='ocrx_word' id='word_1_291' title='bbox 1030 2175 1053 2198; x_wconf 80' lang='grc' dir='ltr'>(ι</span> <span class='ocrx_word' id='word_1_292' title='bbox 1092 2173 1169 2198; x_wconf 83' lang='lat' dir='ltr'>sec.</span> <span class='ocrx_word' id='word_1_293' title='bbox 1210 2175 1255 2198; x_wconf 87' lang='lat' dir='ltr'>m.</span> <span class='ocrx_word' id='word_1_294' title='bbox 1323 2173 1392 2209; x_wconf 88' lang='lat' dir='ltr'>que</span> <span class='ocrx_word' id='word_1_295' title='bbox 1431 2175 1454 2198; x_wconf 83' lang='grc' dir='ltr'>(ι</span> <span class='ocrx_word' id='word_1_296' title='bbox 1489 2174 1552 2209; x_wconf 79' lang='lat' dir='ltr'>pr.</span> <span class='ocrx_word' id='word_1_297' title='bbox 1584 2175 1630 2198; x_wconf 86' lang='lat' dir='ltr'>m.</span> 
     </span>
     <span class='ocr_line' id='line_1_32' title="bbox 114 2214 1628 2266; baseline 0.003 -16"><span class='ocrx_word' id='word_1_298' title='bbox 114 2216 333 2262; x_wconf 81' lang='lat' dir='ltr'>quaemulsci</span> <span class='ocrx_word' id='word_1_299' title='bbox 364 2216 527 2252; x_wconf 72' lang='lat' dir='ltr'>Amicus.</span> <span class='ocrx_word' id='word_1_300' title='bbox 702 2214 837 2266; x_wconf 83' lang='lat' dir='ltr'>Volsci]</span> <span class='ocrx_word' id='word_1_301' title='bbox 872 2218 987 2254; x_wconf 81' lang='lat' dir='ltr'><em>Halb.</em></span> <span class='ocrx_word' id='word_1_302' title='bbox 1019 2219 1080 2255; x_wconf 82' lang='lat' dir='ltr'>lib.</span> <span class='ocrx_word' id='word_1_303' title='bbox 1124 2219 1155 2254; x_wconf 83' lang='lat' dir='ltr'><em>V</em></span> <span class='ocrx_word' id='word_1_304' title='bbox 1183 2223 1217 2254; x_wconf 81' lang='lat' dir='ltr'>et</span> <span class='ocrx_word' id='word_1_305' title='bbox 1260 2219 1311 2254; x_wconf 84' lang='lat' dir='ltr'>VI</span> <span class='ocrx_word' id='word_1_306' title='bbox 1376 2218 1471 2254; x_wconf 88' lang='lat' dir='ltr'>uulzi</span> <span class='ocrx_word' id='word_1_307' title='bbox 1512 2219 1628 2266; x_wconf 70' lang='lat' dir='ltr'>Sccnq.</span> 
     </span>
     <span class='ocr_line' id='line_1_33' title="bbox 115 2272 1633 2326; baseline 0.002 -19"><span class='ocrx_word' id='word_1_308' title='bbox 115 2281 188 2307; x_wconf 79' lang='lat' dir='ltr'>sec.</span> <span class='ocrx_word' id='word_1_309' title='bbox 219 2283 265 2307; x_wconf 88' lang='lat' dir='ltr'>m.</span> <span class='ocrx_word' id='word_1_310' title='bbox 328 2272 461 2326; x_wconf 40' lang='lat' dir='ltr'>uulsci&#39;</span> <span class='ocrx_word' id='word_1_311' title='bbox 480 2274 563 2309; x_wconf 82' lang='lat' dir='ltr'><em>rell.</em></span> <span class='ocrx_word' id='word_1_312' title='bbox 595 2273 685 2309; x_wconf 72' lang='lat' dir='ltr'>libri</span> <span class='ocrx_word' id='word_1_313' title='bbox 716 2275 766 2316; x_wconf 81' lang='lat' dir='ltr'>(l.</span> <span class='ocrx_word' id='word_1_314' title='bbox 809 2273 840 2309; x_wconf 90' lang='lat' dir='ltr'><em>V</em></span> <span class='ocrx_word' id='word_1_315' title='bbox 867 2278 902 2310; x_wconf 82' lang='lat' dir='ltr'>ct</span> <span class='ocrx_word' id='word_1_316' title='bbox 944 2274 1010 2317; x_wconf 84' lang='lat' dir='ltr'>VI)</span> <span class='ocrx_word' id='word_1_317' title='bbox 1072 2274 1171 2310; x_wconf 84' lang='lat' dir='ltr'>Volci</span> <span class='ocrx_word' id='word_1_318' title='bbox 1202 2275 1295 2310; x_wconf 75' lang='lat' dir='ltr'>thes.</span> <span class='ocrx_word' id='word_1_319' title='bbox 1498 2275 1633 2311; x_wconf 81' lang='lat' dir='ltr'>habuer</span> 
     </span>
     <span class='ocr_line' id='line_1_34' title="bbox 114 2326 1630 2375; baseline 0.002 -12"><span class='ocrx_word' id='word_1_320' title='bbox 114 2326 206 2363; x_wconf 80' lang='lat' dir='ltr'><em>Par.</em></span> <span class='ocrx_word' id='word_1_321' title='bbox 244 2329 292 2364; x_wconf 82' lang='lat' dir='ltr'>R.</span> <span class='ocrx_word' id='word_1_322' title='bbox 328 2340 391 2374; x_wconf 80' lang='lat' dir='ltr'>pr.</span> <span class='ocrx_word' id='word_1_323' title='bbox 429 2341 475 2364; x_wconf 86' lang='lat' dir='ltr'>m.</span> <span class='ocrx_word' id='word_1_324' title='bbox 517 2334 582 2364; x_wconf 85' lang='lat' dir='ltr'>unt</span> <span class='ocrx_word' id='word_1_325' title='bbox 627 2340 709 2375; x_wconf 74' lang='lat' dir='ltr'>sup.</span> <span class='ocrx_word' id='word_1_326' title='bbox 747 2331 813 2366; x_wconf 83' lang='lat' dir='ltr'>lin.</span> <span class='ocrx_word' id='word_1_327' title='bbox 854 2331 939 2366; x_wconf 76' lang='lat' dir='ltr'><strong><em>add.</em></strong></span> <span class='ocrx_word' id='word_1_328' title='bbox 980 2341 1056 2367; x_wconf 83' lang='lat' dir='ltr'>sec.</span> <span class='ocrx_word' id='word_1_329' title='bbox 1096 2343 1143 2367; x_wconf 87' lang='lat' dir='ltr'>m.</span> <span class='ocrx_word' id='word_1_330' title='bbox 1234 2329 1423 2366; x_wconf 76' lang='lat' dir='ltr'>habuerint</span> <span class='ocrx_word' id='word_1_331' title='bbox 1466 2333 1630 2368; x_wconf 73' lang='lat' dir='ltr'>Amicus.</span> 
     </span>
    </p>

    <p class='ocr_par' dir='ltr' id='par_1_12' title="bbox 113 2382 1629 2543">
     <span class='ocr_line' id='line_1_35' title="bbox 226 2382 1629 2434; baseline 0.004 -17"><span class='ocrx_word' id='word_1_332' title='bbox 226 2382 444 2431; x_wconf 76' lang='lat' dir='ltr'>Kanipestris</span> <span class='ocrx_word' id='word_1_333' title='bbox 473 2384 644 2421; x_wconf 72' lang='lat' dir='ltr'>Karole&#39;r.</span> <span class='ocrx_word' id='word_1_334' title='bbox 675 2386 738 2421; x_wconf 77' lang='lat' dir='ltr'>lib.</span> <span class='ocrx_word' id='word_1_335' title='bbox 775 2386 827 2422; x_wconf 89' lang='lat' dir='ltr'>VI</span> <span class='ocrx_word' id='word_1_336' title='bbox 855 2398 922 2422; x_wconf 88' lang='lat' dir='ltr'>om.</span> <span class='ocrx_word' id='word_1_337' title='bbox 955 2388 1047 2423; x_wconf 78' lang='lat' dir='ltr'>thes.</span> <span class='ocrx_word' id='word_1_338' title='bbox 1220 2386 1347 2434; x_wconf 84' lang='lat' dir='ltr'>plenus</span> <span class='ocrx_word' id='word_1_339' title='bbox 1378 2388 1471 2423; x_wconf 77' lang='lat' dir='ltr'><strong><em>Par.</em></strong></span> <span class='ocrx_word' id='word_1_340' title='bbox 1504 2389 1538 2424; x_wconf 82' lang='lat' dir='ltr'><em>R</em></span> <span class='ocrx_word' id='word_1_341' title='bbox 1563 2400 1629 2434; x_wconf 74' lang='lat' dir='ltr'>pr.</span> 
     </span>
     <span class='ocr_line' id='line_1_36' title="bbox 113 2441 1629 2491; baseline 0.003 -17"><span class='ocrx_word' id='word_1_342' title='bbox 113 2452 158 2475; x_wconf 86' lang='lat' dir='ltr'>m.</span> <span class='ocrx_word' id='word_1_343' title='bbox 190 2451 291 2476; x_wconf 84' lang='lat' dir='ltr'>corr.</span> <span class='ocrx_word' id='word_1_344' title='bbox 324 2451 400 2476; x_wconf 82' lang='lat' dir='ltr'>sec.</span> <span class='ocrx_word' id='word_1_345' title='bbox 432 2452 490 2485; x_wconf 85' lang='lat' dir='ltr'>m.,</span> <span class='ocrx_word' id='word_1_346' title='bbox 524 2441 625 2477; x_wconf 67' lang='lat' dir='ltr'>Leia.</span> <span class='ocrx_word' id='word_1_347' title='bbox 657 2443 682 2477; x_wconf 85' lang='lat' dir='ltr'>Z.</span> <span class='ocrx_word' id='word_1_348' title='bbox 725 2442 781 2478; x_wconf 88' lang='lat' dir='ltr'>VI</span> <span class='ocrx_word' id='word_1_349' title='bbox 807 2442 977 2479; x_wconf 71' lang='lat' dir='ltr'>thesaur.</span> <span class='ocrx_word' id='word_1_350' title='bbox 1134 2442 1174 2478; x_wconf 77' lang='lat' dir='ltr'>ab</span> <span class='ocrx_word' id='word_1_351' title='bbox 1207 2443 1347 2490; x_wconf 79' lang='lat' dir='ltr'>origine</span> <span class='ocrx_word' id='word_1_352' title='bbox 1380 2443 1496 2491; x_wconf 72' lang='lat' dir='ltr'>Sany.</span> <span class='ocrx_word' id='word_1_353' title='bbox 1530 2455 1558 2480; x_wconf 84' lang='lat' dir='ltr'>s.</span> <span class='ocrx_word' id='word_1_354' title='bbox 1583 2456 1629 2479; x_wconf 87' lang='lat' dir='ltr'>m.</span> 
     </span>
     <span class='ocr_line' id='line_1_37' title="bbox 114 2496 723 2543; baseline 0.003 -12"><span class='ocrx_word' id='word_1_355' title='bbox 114 2508 181 2531; x_wconf 82' lang='lat' dir='ltr'>om.</span> <span class='ocrx_word' id='word_1_356' title='bbox 211 2497 274 2532; x_wconf 83' lang='lat' dir='ltr'>lib.</span> <span class='ocrx_word' id='word_1_357' title='bbox 320 2497 370 2532; x_wconf 91' lang='lat' dir='ltr'>VI</span> <span class='ocrx_word' id='word_1_358' title='bbox 400 2496 515 2543; x_wconf 69' lang='lat' dir='ltr'>Sccny.</span> <span class='ocrx_word' id='word_1_359' title='bbox 549 2502 583 2532; x_wconf 76' lang='lat' dir='ltr'>et</span> <span class='ocrx_word' id='word_1_360' title='bbox 616 2498 723 2534; x_wconf 79' lang='lat' dir='ltr'>Grut.</span> 
     </span>
    </p>

    <p class='ocr_par' dir='ltr' id='par_1_13' title="bbox 225 2547 1575 2605">
     <span class='ocr_line' id='line_1_38' title="bbox 225 2547 1575 2605; baseline 0.003 -17"><span class='ocrx_word' id='word_1_361' title='bbox 225 2547 269 2600; x_wconf 80' lang='grc'>8,</span> <span class='ocrx_word' id='word_1_362' title='bbox 304 2553 366 2589; x_wconf 89' lang='grc'>10.</span> <span class='ocrx_word' id='word_1_363' title='bbox 398 2552 576 2599; x_wconf 80' lang='lat' dir='ltr'>sequanda</span> <span class='ocrx_word' id='word_1_364' title='bbox 607 2553 735 2590; x_wconf 80' lang='lat' dir='ltr'>Paris.</span> <span class='ocrx_word' id='word_1_365' title='bbox 914 2555 975 2590; x_wconf 91' lang='lat'>11.</span> <span class='ocrx_word' id='word_1_366' title='bbox 1008 2566 1086 2591; x_wconf 80' lang='lat' dir='ltr'>nain</span> <span class='ocrx_word' id='word_1_367' title='bbox 1118 2552 1249 2605; x_wconf 76' lang='lat' dir='ltr'>paene]</span> <span class='ocrx_word' id='word_1_368' title='bbox 1283 2566 1409 2602; x_wconf 84' lang='lat' dir='ltr'>nempe</span> <span class='ocrx_word' id='word_1_369' title='bbox 1440 2556 1575 2603; x_wconf 69' lang='lat' dir='ltr'>Reqin.</span> 
     </span>
    </p>
   </div>
   <div class='ocr_carea' id='block_1_5' title="bbox 110 2619 1629 2883">
    <p class='ocr_par' dir='ltr' id='par_1_14' title="bbox 110 2619 1629 2773">
     <span class='ocr_line' id='line_1_39' title="bbox 199 2619 1627 2670; baseline 0.004 -15"><span class='ocrx_word' id='word_1_370' title='bbox 199 2619 263 2655; x_wconf 85' lang='lat'>13.</span> <span class='ocrx_word' id='word_1_371' title='bbox 297 2620 466 2666; x_wconf 79' lang='lat' dir='ltr'>accipisse</span> <span class='ocrx_word' id='word_1_372' title='bbox 497 2619 625 2656; x_wconf 75' lang='lat' dir='ltr'>Paris.</span> <span class='ocrx_word' id='word_1_373' title='bbox 828 2622 892 2659; x_wconf 88' lang='grc'>15.</span> <span class='ocrx_word' id='word_1_374' title='bbox 924 2621 1033 2658; x_wconf 86' lang='lat' dir='ltr'>llDCC</span> <span class='ocrx_word' id='word_1_375' title='bbox 1065 2622 1197 2670; x_wconf 65' lang='lat' dir='ltr'>chsz&#39;n.</span> <span class='ocrx_word' id='word_1_376' title='bbox 1232 2623 1356 2658; x_wconf 76' lang='lat' dir='ltr'>Paris.</span> <span class='ocrx_word' id='word_1_377' title='bbox 1419 2622 1463 2658; x_wconf 72' lang='lat' dir='ltr'>fid</span> <span class='ocrx_word' id='word_1_378' title='bbox 1503 2623 1627 2670; x_wconf 79' lang='lat' dir='ltr'>Gzcclf.</span> 
     </span>
     <span class='ocr_line' id='line_1_40' title="bbox 110 2675 1629 2727; baseline 0.005 -17"><span class='ocrx_word' id='word_1_379' title='bbox 110 2675 259 2720; x_wconf 81' lang='lat' dir='ltr'>primus</span> <span class='ocrx_word' id='word_1_380' title='bbox 318 2678 338 2711; x_wconf 75' lang='grc' dir='ltr'>ἦ</span> <span class='ocrx_word' id='word_1_381' title='bbox 367 2675 416 2710; x_wconf 77' lang='grc' dir='ltr'>ΗΠ</span> <span class='ocrx_word' id='word_1_382' title='bbox 447 2678 471 2711; x_wconf 80' lang='grc' dir='ltr'>ιῖ</span> <span class='ocrx_word' id='word_1_383' title='bbox 501 2675 585 2711; x_wconf 86' lang='grc'><strong>(111111</strong></span> <span class='ocrx_word' id='word_1_384' title='bbox 618 2675 744 2723; x_wconf 81' lang='lat' dir='ltr'>Guelf.</span> <span class='ocrx_word' id='word_1_385' title='bbox 777 2679 966 2715; x_wconf 79' lang='lat' dir='ltr'>secundus</span> <span class='ocrx_word' id='word_1_386' title='bbox 999 2681 1078 2725; x_wconf 76' lang='lat' dir='ltr'>(ap.</span> <span class='ocrx_word' id='word_1_387' title='bbox 1102 2679 1240 2721; x_wconf 59' lang='lat' dir='ltr'>Lien).</span> <span class='ocrx_word' id='word_1_388' title='bbox 1301 2677 1379 2713; x_wconf 87' lang='lat' dir='ltr'>DCC</span> <span class='ocrx_word' id='word_1_389' title='bbox 1412 2681 1513 2726; x_wconf 71' lang='lat' dir='ltr'>zculy.</span> <span class='ocrx_word' id='word_1_390' title='bbox 1540 2685 1629 2727; x_wconf 76' lang='lat' dir='ltr'>post</span> 
     </span>
     <span class='ocr_line' id='line_1_41' title="bbox 114 2731 347 2773; baseline 0 -6"><span class='ocrx_word' id='word_1_391' title='bbox 114 2732 171 2767; x_wconf 78' lang='lat' dir='ltr'>ed.</span> <span class='ocrx_word' id='word_1_392' title='bbox 197 2731 347 2773; x_wconf 71' lang='lat' dir='ltr'>Daniel.</span> 
     </span>
    </p>

    <p class='ocr_par' dir='ltr' id='par_1_15' title="bbox 117 2782 1515 2883">
     <span class='ocr_line' id='line_1_42' title="bbox 225 2782 1515 2838; baseline 0.004 -15"><span class='ocrx_word' id='word_1_393' title='bbox 225 2782 270 2835; x_wconf 80' lang='grc'>9,</span> <span class='ocrx_word' id='word_1_394' title='bbox 304 2787 366 2823; x_wconf 80' lang='grc'>16.</span> <span class='ocrx_word' id='word_1_395' title='bbox 398 2787 497 2823; x_wconf 76' lang='lat' dir='ltr'>Licet</span> <span class='ocrx_word' id='word_1_396' title='bbox 533 2807 576 2812; x_wconf 90' lang='lat'>—-</span> <span class='ocrx_word' id='word_1_397' title='bbox 612 2789 716 2823; x_wconf 83' lang='lat' dir='ltr'>etiam</span> <span class='ocrx_word' id='word_1_398' title='bbox 747 2791 784 2825; x_wconf 75' lang='lat' dir='ltr'>in</span> <span class='ocrx_word' id='word_1_399' title='bbox 815 2792 893 2827; x_wconf 86' lang='lat' dir='ltr'>solo</span> <span class='ocrx_word' id='word_1_400' title='bbox 926 2790 1146 2827; x_wconf 76' lang='lat' dir='ltr'>cassellano</span> <span class='ocrx_word' id='word_1_401' title='bbox 1177 2793 1322 2838; x_wconf 76' lang='lat' dir='ltr'>scripta</span> <span class='ocrx_word' id='word_1_402' title='bbox 1351 2791 1515 2837; x_wconf 73' lang='lat' dir='ltr'>fuerunt</span> 
     </span>
     <span class='ocr_line' id='line_1_43' title="bbox 117 2842 1026 2883; baseline 0.003 -4"><span class='ocrx_word' id='word_1_403' title='bbox 117 2842 179 2880; x_wconf 83' lang='lat'>17.</span> <span class='ocrx_word' id='word_1_404' title='bbox 211 2843 405 2880; x_wconf 81' lang='lat' dir='ltr'>seeundum</span> <span class='ocrx_word' id='word_1_405' title='bbox 436 2843 579 2880; x_wconf 81' lang='lat' dir='ltr'>Catonis</span> <span class='ocrx_word' id='word_1_406' title='bbox 610 2844 793 2882; x_wconf 81' lang='lat' dir='ltr'>historiam</span> <span class='ocrx_word' id='word_1_407' title='bbox 824 2847 1026 2883; x_wconf 78' lang='lat' dir='ltr'>Fabricius</span> 
     </span>
    </p>
   </div>
  </div>
 </body>
</html>
