1884 3213
626 210 668 247 Q.
695 211 867 243 FABIVS
893 210 1070 243 PICTOR
1450 220 1606 248 LXXXV

86 327 241 364 Pisonis
273 338 381 363 more
416 327 454 363 in
490 325 552 363 illu
586 330 711 363 artem
744 326 925 363 criticam
958 326 1202 362 exercuisset
1235 336 1399 375 eamque
1430 326 1514 362 suis
1547 325 1605 362 in-

87 394 215 431 uentis
248 394 482 444 permixtam
516 399 553 429 et
585 405 656 430 suo
688 392 858 430 arbitrio
891 392 1046 430 scilieet
1068 397 1290 430 correctam
1325 393 1495 443 posteris
1528 397 1605 430 tra-

85 460 261 499 didisset.
323 460 446 506 Quam
479 459 529 497 ob
563 472 645 497 rem
670 472 749 498 non
772 459 1021 503 mirabimur,
1055 459 1159 510 quod
1192 459 1329 498 Liuius
1362 461 1401 498 in
1436 461 1604 509 primor-

86 528 163 566 diis
196 526 307 566 urbis
339 528 577 571 tractandi&
611 539 686 578 qua
719 528 844 565 utitur
884 527 1023 565 iudicii
1056 528 1244 571 sanitate,
1287 527 1409 565 multo
1450 528 1607 578 saepius⁴

87 595 248 633 Fabium
283 594 464 634 adhibuit
496 607 611 646 quam
644 594 870 645 Dionysius,
904 594 1094 633 Pisonum
1127 594 1356 633 admirator.

196 662 383 701 Videmus
416 664 538 713 igitur
569 664 626 701 eis
659 661 792 705 rehu&
826 675 922 712 quas
954 662 1259 713 reprehendisse
1292 662 1357 700 alii
1389 664 1607 713 scriptores

84 731 185 781 apud
216 729 383 768 Fabium
416 729 494 768 sibi
529 731 605 767 uisi
638 734 741 773 suut,
775 742 944 781 aequum
986 729 1159 768 iudicem
1192 742 1270 767 non
1302 743 1416 780 posse
1449 730 1605 773 adduci,

86 803 126 836 ut
158 797 274 836 tidem
306 798 391 835 eius
424 798 632 837 inminuat.
668 799 743 835 nisi
777 798 880 836 forte
914 797 950 835 id
985 797 1076 836 huic
1110 798 1178 835 uni
1218 797 1412 835 historico
1445 799 1607 835 crimini

83 865 175 903 dare
209 864 405 909 uolumus,
439 864 542 916 quod
575 866 752 903 omnium
787 870 970 904 ueterum
1009 866 1252 916 scriptorum
1291 866 1501 916 proprium
1534 870 1605 905 est.

85 937 125 970 ιιι
156 933 308 983 patriae
339 932 507 982 gloriam
541 933 579 970 in
604 934 730 970 maius
762 933 952 971 extollere
986 946 1064 971 non
1097 934 1189 971 uani
1214 937 1280 971 aut
1303 931 1507 971 mendacis
1539 932 1606 970 lm—

84 1001 202 1038 miuis
233 1000 301 1038 sed
334 999 428 1038 boni
461 1001 564 1038 ciuis
595 1012 680 1038 esse
714 999 961 1051 ducerent1),
1002 1006 1039 1039 et
1077 1000 1181 1051 quod
1214 1002 1376 1038 omnino
1409 1001 1496 1038 fieri
1530 1013 1607 1039 non

86 1072 225 1118 potest,
260 1073 301 1105 ιιι
332 1069 542 1119 quisquam
575 1080 640 1105 eas
673 1080 749 1112 res,
782 1067 928 1119 quibus
961 1068 1138 1119 aequalis
1170 1073 1241 1111 est,
1275 1069 1327 1107 ita
1350 1072 1533 1119 exponat,
1568 1073 1608 1105 ιιι

85 1147 129 1173 ex
163 1136 271 1173 omni
302 1140 414 1185 parte
447 1140 555 1173 certa
588 1140 625 1173 et
656 1136 858 1186 explorata
891 1135 1031 1174 haberi
1063 1136 1229 1186 possint.

196 1203 414 1253 Antequam
447 1208 577 1240 tamen
617 1202 663 1240 ad
702 1215 769 1241 eos
809 1204 1045 1254 scriptore&
1092 1202 1239 1254 quibus
1284 1203 1395 1241 Fabii
1436 1203 1607 1241 Pictoris

84 1272 255 1309 Graecae
288 1270 479 1309 historiae
514 1271 552 1308 in
576 1270 758 1308 manibus
781 1271 944 1311 fuerint,
978 1270 1244 1309 recensendos
1275 1282 1499 1321 pergamus,
1534 1270 1604 1308 lm(-

84 1337 360 1376 disserendum
392 1338 488 1381 erit,
530 1349 606 1387 quo
650 1339 736 1375 iure
768 1350 864 1388 quas
905 1338 1007 1375 insra
1048 1339 1254 1388 posuimus
1293 1338 1517 1389 relliquias,
1559 1338 1604 1375 ad

84 1404 171 1443 illas
202 1404 489 1443 rettulerimus.
538 1404 606 1443 scd
639 1405 685 1443 de
719 1404 855 1443 uerbis
887 1417 933 1442 ox
966 1404 1130 1455 Polybio
1165 1403 1227 1452 (fr.
1260 1402 1329 1443 21.
1362 1402 1429 1443 22.
1462 1402 1528 1455 25)
1563 1410 1601 1442 et

82 1472 269 1523 Dionysio
302 1469 382 1521 (5¹³.
414 1469 453 1510 6.
485 1469 523 1509 8.
556 1469 595 1510 9.
631 1469 693 1510 11.
730 1469 793 1509 14.
829 1470 892 1523 16)
925 1478 1084 1523 praeter
1106 1472 1343 1516 Pluessium,
1377 1475 1444 1523 qui
1469 1474 1508 1511 in
1532 1473 1604 1510 liae

84 1551 126 1578 re
158 1540 277 1577 nimis
309 1539 556 1578 coniecturis
588 1536 812 1590 indulsit2),
846 1551 962 1578 nemo
995 1539 1215 1584 dubitabit,
1248 1552 1321 1579 neo
1353 1541 1485 1579 mInus
1517 1553 1604 1579 eer-

82 1708 186 1748 Ιιαιιρι
211 1711 364 1738 vern-auc
386 1717 511 1743 waren,
546 1707 682 1738 werden
714 1707 786 1739 siole
821 1708 916 1739 einer
953 1708 1148 1739 nntionalen
1173 1708 1367 1750 Ausleyuvy
1403 1710 1465 1740 dev·
1497 1708 1605 1741 Saelee

82 1764 178 1795 kaiam
202 1763 308 1794 lzaben
333 1762 502 1794 euchalten
526 1762 671 1803 konnen,
697 1763 803 1795 haben
827 1764 897 1795 sicle
919 1765 1041 1804 gewis-s·
1065 1765 1130 1796 den
1155 1764 1269 1796 Inlmll
1294 1764 1486 1801 derselben,
1511 1775 1606 1796 wenn

83 1820 167 1851 azzelz
197 1820 280 1852 710ch
304 1820 359 1850 mit
390 1821 484 1850 einer
511 1820 672 1860 yewz'ssen
703 1818 979 1852 Selzizehternlzeit
1009 1821 1078 1851 und
1106 1820 1311 1861 lceinesweys
1342 1822 1607 1862 decrebyrez'seml

81 1876 245 1916 plausibel
282 1887 319 1907 :ze
356 1875 492 1907 macheu
527 1875 663 1916 yeszceht
694 1893 735 1897 —
767 1875 861 1908 haec
892 1876 929 1907 in
960 1876 1129 1908 Pisonem
1161 1876 1314 1917 cadunt,
1353 1876 1397 1908 de
1427 1877 1544 1909 Fabio
1570 1880 1607 1908 et

83 1931 210 1964 Cincio
236 1931 329 1963 falso
354 1931 532 1963 dicuntur.

174 1985 199 2028 ¹)
227 1985 282 2019 Of.
310 1997 421 2029 supra
446 1998 480 2029 p.
499 1986 658 2020 XXXIII
676 1998 728 2030 sq.
775 1987 894 2029 Magis
920 1988 1030 2020 miror
1046 1988 1140 2030 quod
1158 1998 1263 2021 nemo
1289 1989 1446 2031 scriptor
1465 1989 1498 2020 ei
1515 1989 1605 2020 uitio

83 2043 195 2075 uertit
216 2044 345 2075 nimias
371 2044 492 2085 gentis
515 2054 604 2076 suae
621 2043 763 2078 laudes.
813 2044 916 2076 uelut
940 2044 1131 2076 uictoriam
1160 2045 1399 2087 praeclaram,
1426 2054 1531 2086 quam
1559 2046 1604 2076 ad

83 2099 282 2132 Inbrinium
312 2100 353 2140 Q.
378 2099 532 2131 Fabium
554 2099 763 2132 Rullianum
788 2099 941 2132 absente
968 2100 1150 2133 dictatore
1175 2104 1383 2144 reportasse
1410 2102 1606 2142 scripserat

84 2155 221 2187 Fabius
243 2154 299 2197 (fr.
320 2155 387 2197 18),
406 2156 443 2187 in
469 2155 685 2197 quibusdam
704 2156 898 2188 annalibus
916 2159 1028 2189 totam
1055 2159 1353 2198 praetermissam
1380 2167 1459 2189 esse
1478 2158 1605 2189 Liuius

85 2210 187 2251 (VIII
212 2213 267 2251 30,
294 2211 326 2252 7)
353 2216 605 2244 conmemorat.
655 2212 692 2243 id
718 2212 813 2255 quod
838 2212 957 2254 magis
983 2213 1091 2245 Fabii
1118 2214 1236 2245 studio
1262 2213 1393 2255 gentili
1418 2223 1525 2255 quam
1551 2224 1605 2245 ce-

83 2271 241 2300 terorum
264 2267 482 2310 scriptorum
507 2268 766 2310 neglegentiae
792 2269 923 2301 tribuo.
974 2268 1046 2301 uid.
1072 2280 1106 2311 p.
1134 2269 1390 2302 LXXXVIIII.

172 2333 200 2377 2)
225 2334 356 2366 Mirum
382 2335 476 2366 enim
506 2335 543 2366 in
576 2335 718 2367 modum
749 2335 892 2376 Polybii
924 2337 1038 2368 uerba
1070 2337 1249 2378 quaedam
1281 2337 1390 2370 torsit
1421 2337 1478 2375 (de
1504 2337 1603 2371 Cinc.

88 2406 121 2436 p.
148 2392 218 2433 15),
250 2395 289 2423 ut
314 2391 527 2423 recentioris
550 2391 658 2423 Fabii
682 2392 836 2424 Pictoris
862 2393 1008 2424 Latinis
1041 2392 1237 2424 annalibus
1271 2402 1351 2424 eum
1385 2403 1487 2424 usum
1523 2404 1603 2425 esse

88 2451 366 2485 demonstraret.
416 2451 500 2479 sunt
526 2458 569 2479 ea
594 2447 708 2480 uerba
734 2448 860 2480 haece:
888 2448 991 2486 τίνος
1017 2443 1066 2491 δὴ
1093 2444 1203 2491 χάριν
1229 2442 1431 2491 ἐμνήσθην
1455 2448 1603 2490 Φαβίου

87 2507 151 2542 καὶ
178 2506 250 2540 τῶν
274 2498 339 2538 ὑπ’
368 2499 519 2537 ἐκείνου
543 2501 811 2547 γεγραμμένων
837 2503 892 2545 (fr.
920 2504 996 2546 25);
1023 2499 1093 2547 οὐχ
1118 2501 1230 2537 ἕνεκα
1255 2504 1320 2546 τῆς
1344 2499 1604 2546 πιθανότητος

88 2563 161 2598 τῶν
188 2558 399 2606 εἰρημένων
423 2578 466 2583 -
490 2555 585 2594 α’λλά
612 2559 678 2602 τῆς
704 2560 779 2593 τῶν
805 2553 1157 2602 ἀναλαμβανόντων
1181 2558 1248 2599 τὰς
1273 2555 1424 2593 ἐκείνου
1448 2558 1603 2602 βίβλους

87 2613 348 2662 ὑπομνήσεως,
374 2616 437 2649 ἵνα
464 2612 514 2659 μὴ
540 2612 650 2659 πρὸς
675 2611 756 2658 τὴν
783 2611 1054 2660 ἐπιγραφὴν
1085 2611 1180 2649 ἄλλα
1206 2611 1299 2657 πρὸς
1324 2612 1368 2648 τοὶ
1399 2613 1602 2658 πράγματα

89 2673 285 2719 βλέπωσιν.
337 2670 430 2705 ἔνιοι
462 2669 533 2714 γὰρ
565 2669 634 2704 οὐκ
664 2667 726 2705 ἐπὶ
757 2667 803 2704 τὰ
835 2668 1020 2714 λεγόμενα
1051 2665 1392 2713 συνεπιστήσαντες
1424 2664 1509 2703 ἀλλ’
1543 2665 1604 2703 ἐπ’

90 2724 208 2764 αὐτὸν
233 2723 299 2762 τὸν
326 2724 484 2770 λέγοντα
509 2726 574 2760 καὶ
600 2722 781 2769 λαβόντες
806 2723 846 2761 ἐν
872 2727 934 2772 νῷ,
963 2722 1062 2761 διότι
1087 2723 1202 2761 κατα
1237 2721 1340 2764 τοὺς
1366 2720 1558 2769 καιροὺς
1583 2722 1601 2759 ὁ

90 2780 276 2830 γράφων
302 2781 462 2826 γέγονε
481 2781 654 2815 καὶτοῦ
680 2783 932 2826 συνεδρίου
950 2786 1135 2826 μετεῖχε
1160 2782 1247 2815 τῶν
1265 2780 1508 2823 Ῥωμαίων,
1526 2781 1603 2814 πᾶν

91 2838 237 2879 εὐθέως
261 2835 447 2883 ἡγοῦνται
471 2832 511 2870 τὸ
539 2826 745 2881 λεγόμενον
767 2833 842 2872 ὑπὸ
868 2835 1004 2872 τούτου
1029 2835 1175 2871 πιστόν.
1231 2849 1274 2870 ex
1308 2839 1350 2870 e‘o
1383 2838 1478 2869 enim
1509 2839 1602 2879 quod

93 2898 153 2940 qui
177 2897 292 2939 magis
317 2894 463 2927 titulum
489 2904 596 2936 quam
621 2905 678 2927 res
705 2896 927 2937 respicerent
952 2895 1070 2927 eidem
1089 2896 1209 2926 essent
1227 2903 1306 2925 cum
1325 2894 1378 2925 eis
1396 2893 1457 2935 qui
1475 2894 1601 2927 Fabio,
