1884 3213
280 771 340 824 L.
388 771 722 825 CORNELII
765 770 1106 826 SISENNAE
1150 770 1530 827 HISTORIAE

255 1003 332 1046 1²¹⁴.
365 1007 478 1045 Seru.
510 1007 567 1044 ad
605 1007 720 1055 Very.
753 1008 849 1045 Aen.
882 1007 905 1045 I
933 1003 1016 1045 242
1046 1008 1196 1046 Aeneas
1228 1013 1265 1046 et
1296 1008 1472 1046 Antenor
1503 1007 1661 1046 Troiam

140 1074 363 1126 prodidisse
406 1074 594 1113 (licuntur
632 1074 849 1113 secundum
880 1074 1039 1113 Liuium
1071 1098 1137 1112 —.
1171 1075 1336 1113 Sisenna
1379 1079 1509 1113 tamen
1550 1075 1660 1119 dicit,

140 1142 267 1181 solum
297 1144 539 1181 Antenorem
578 1141 802 1193 prodidisse
836 1139 1050 1193 [Troiam]
1082 1165 1138 1168 ——
1168 1141 1228 1181 Ob
1260 1142 1335 1180 hoc
1367 1147 1498 1180 autem
1531 1143 1659 1181 eredi-

140 1215 205 1248 tur
236 1211 398 1249 Graecis
427 1211 603 1249 Antenor
634 1211 804 1261 patriam
836 1209 1071 1260 prodidisse,
1104 1211 1196 1261 quia
1230 1207 1354 1259 [sicut
1385 1211 1569 1260 superius
1601 1210 1660 1249 di-

104 1292 119 1317 5
139 1283 246 1317 ctum
277 1284 337 1317 est
369 1283 407 1317 et
434 1283 587 1317 auctor
619 1277 841 1316 reddendae
876 1275 1065 1328 Helenes]
1101 1282 1138 1315 et
1178 1276 1347 1327 legatos,
1388 1277 1456 1328 qui
1497 1282 1661 1328 propter

138 1345 327 1384 Helenam
366 1350 580 1390 uenerant,
627 1346 801 1396 suscepit
834 1344 1027 1395 hospitio,
1075 1349 1114 1382 et
1146 1344 1282 1382 Vlixen
1314 1344 1488 1382 mendici
1522 1344 1660 1383 habitu

138 1414 315 1464 agnitum
346 1426 425 1452 non
456 1413 647 1463 prodidit.

249 1479 329 1520 2³³⁶.
361 1481 477 1519 Seru.
511 1481 567 1518 ad
605 1480 723 1528 Verq.
747 1480 844 1517 Aen.
867 1479 933 1517 XI
953 1476 1034 1517 316
1065 1479 1173 1517 Vnde
1205 1478 1403 1530 sequenda
1437 1484 1496 1517 est
1528 1481 1660 1530 potius

135 1550 253 1593 Liuii,
286 1548 477 1587 Sisennae
509 1553 547 1586 et
570 1547 728 1586 Catonis
759 1547 988 1585 auctoritas.
1042 1546 1137 1585 Nam
1168 1557 1292 1597 paene
1315 1558 1451 1584 omnes
1473 1549 1659 1598 antiquae

90 1629 121 1653 10
139 1618 332 1656 historiae
365 1617 583 1666 scriptores
615 1616 655 1652 in
687 1615 761 1653 hoc
794 1615 1063 1653 consentiunt.
1116 1614 1208 1652 Cato
1241 1604 1407 1652 enimin
1433 1614 1660 1664 originibus

138 1684 253 1728 dicit,
286 1684 478 1722 Troianos
510 1696 529 1720 a
561 1682 701 1720 Latino
733 1683 937 1733 accepisse
969 1693 1127 1732 agrum,
1161 1683 1228 1733 qui
1260 1687 1318 1719 est
1349 1683 1453 1720 inter
1484 1681 1657 1720 Lauren-

137 1757 220 1790 tum
252 1757 291 1790 et
322 1756 450 1790 castra
482 1751 664 1788 Troiana.

248 1815 325 1858 3²⁵².
374 1819 478 1856 Non.
518 1830 550 1856 s.
593 1830 630 1856 u.
669 1818 810 1856 iuxtim
843 1828 886 1865 p.
923 1814 1000 1855 127
1046 1818 1212 1856 Sisenna
1252 1816 1299 1854 al)
1339 1815 1439 1855 urbe
1478 1816 1656 1855 condita:

135 1887 279 1925 luxtim
310 1886 538 1925 Numicium
571 1886 716 1923 ssumen
749 1884 1027 1923 obtruncatur.

91 1964 122 1990 15
251 1950 331 1992 43.
379 1953 495 1991 Seru.
534 1953 590 1991 ced
626 1954 744 2001 Verq.
784 1952 882 1991 Aen.
922 1953 947 1991 I
985 1949 1063 1990 108
1109 1951 1214 1990 Haec
1252 1956 1382 1990 autem
1424 1963 1514 1989 saxa
1554 1952 1658 1989 inter

224 2097 260 2131 1·
287 2099 330 2136 “f.
360 2099 456 2131 Seru.
483 2099 529 2129 ad
553 2098 641 2131 Aen.
669 2098 690 2128 I
713 2098 788 2129 647.

224 2141 263 2176 2·
290 2144 362 2176 Cat.
386 2144 435 2182 fr.
462 2144 492 2175 8.
518 2142 594 2174 Lizc.
620 2143 640 2173 i
668 2144 698 2173 l.

225 2187 264 2221 3.
296 2189 344 2220 De
370 2189 509 2220 Aeneae
533 2193 638 2219 morte
664 2197 737 2219 esse
762 2197 869 2218 sermo
895 2188 1039 2220 uidetur.

254 2331 296 2384 1,
329 2335 365 2372 3.
400 2335 539 2372 Troiam
570 2337 673 2372 deest
704 2337 741 2371 in
776 2335 945 2370 Tleilom's
974 2335 1081 2371 libris
1195 2333 1232 2369 4.
1267 2334 1359 2369 sicut
1389 2334 1554 2380 superius
1586 2333 1666 2369 die--

135 2400 207 2428 uun
240 2397 294 2428 est
332 2394 369 2427 in
401 2393 480 2428 solo
514 2391 668 2428 Cassell.
700 2394 845 2437 scripta
883 2391 1047 2437 fuerunt
1080 2395 1161 2426 test.
1207 2390 1312 2425 Vers.
1346 2393 1380 2424 et
1412 2389 1568 2434 Scz'opp.

162 2449 198 2485 5.
231 2454 266 2484 et
296 2453 422 2483 auctor
451 2447 653 2483 reddendae
685 2447 836 2484 Helenes
868 2450 906 2482 in
938 2447 1095 2483 Cassell.
1129 2448 1276 2492 scripta
1304 2445 1467 2491 fuerunt
1501 2447 1652 2487 (desunt

134 2508 171 2541 in
206 2505 357 2546 Rern).
412 2504 584 2540 Ceterum
610 2504 737 2540 Paris.
768 2504 867 2540 haee
898 2504 1029 2538 habel.-
1063 2504 1221 2538 Antenor
1252 2506 1368 2536 autem
1403 2500 1446 2536 ob
1480 2501 1548 2536 hoc
1579 2512 1655 2536 cre-

134 2561 229 2596 ditur
260 2561 406 2607 patriam
437 2559 648 2607 prodetlisse
670 2561 751 2607 quia
782 2564 818 2594 et
849 2564 973 2594 auctor
995 2557 1173 2594 reddende
1196 2557 1320 2592 helene
1352 2556 1420 2592 suit
1452 2561 1487 2591 et
1510 2556 1652 2603 legatos

135 2616 176 2651 ab
221 2616 289 2651 hoc
334 2616 520 2651 uenientes
564 2615 764 2662 susciperat
808 2620 844 2650 et
891 2614 982 2650 ulixe
1028 2614 1177 2650 mendici
1223 2612 1343 2648 habitu
1389 2612 1482 2660 apud
1527 2613 1652 2648 troiam

136 2673 294 2719 agnitum
326 2683 398 2707 non
430 2671 608 2718 prodedit.

247 2733 292 2787 2,
324 2738 360 2774 8.
391 2738 572 2786 sequanda
593 2739 720 2774 Paris.
839 2738 875 2775 9.
908 2738 1050 2773 sisenne
1071 2737 1204 2784 Remu.
1326 2736 1388 2772 10.
1421 2746 1499 2770 nam
1522 2732 1651 2784 paene]

138 2805 263 2842 nempe
295 2796 430 2842 Regin.

248 2856 291 2910 3,
326 2861 388 2897 13.
422 2860 588 2897 Sisenna:
622 2859 708 2896 urbe
739 2860 903 2897 Mercer.
937 2860 1012 2896 uid.
1043 2870 1073 2895 s.
1102 2870 1139 2905 p.
1165 2858 1448 2895 CCCXXVIII.
