1884 3213
230 211 282 239 (tsi
549 199 613 230 DE
640 196 949 230 sCfflPTORVM
977 195 1104 228 VITIS
1132 194 1193 226 ET
1219 193 1438 227 SCRIPTIS

229 316 317 353 adn.
352 315 397 351 ad
433 317 479 352 t'r.
517 310 580 363 11)
615 316 767 349 eertum
801 311 1003 350 annalium
1038 310 1342 348 Pisonianorum
1376 309 1568 348 indicium
1601 316 1754 349 exstare

229 382 423 425 arbitror,
465 392 703 432 quamquam
744 378 816 417 sub
848 378 995 417 Valerii
1033 379 1202 417 Antiatis
1242 379 1412 415 nominc.
1476 383 1609 416 narrat
1649 380 1754 417 enim

230 450 284 487 ibi
329 450 464 487 Liuius
504 451 542 486 in
583 449 825 486 narrationis
866 452 1027 491 tenore,
1068 458 1156 484 cum
1198 459 1231 483 a.
1270 442 1358 483 181.
1391 442 1472 484 573
1506 447 1545 483 in
1585 458 1679 494 agro
1712 446 1753 484 L.

230 517 377 555 Petillii
411 516 567 555 scribae
601 516 701 554 duae
733 527 847 554 areae
881 517 1068 553 inuentae
1101 518 1245 557 essent,
1279 514 1319 551 in
1351 513 1475 551 altera
1503 515 1625 552 fuisse
1657 514 1755 552 (litos

230 587 356 623 t'asces
395 590 580 635 septenos
620 585 872 621 continentes
913 582 1039 621 libros
1077 586 1194 632 atque
1235 593 1373 619 eorum
1413 586 1564 632 septem
1596 581 1755 620 Latinos

232 653 277 690 de
312 654 397 691 iure
430 653 650 704 pontificio,
683 656 836 702 septem
859 652 1033 689 Graecos
1065 650 1111 687 de
1136 648 1347 700 disciplina
1381 650 1621 700 sapientiae,
1655 640 1783 702 qnae·

229 721 338 758 illins
376 722 517 759 aetatis
558 734 643 759 esse
684 720 891 770 potuisset.
955 724 1037 757 tum
1076 718 1274 756 Antiatem
1315 717 1514 755 Valerium
1562 718 1755 757 adiecisse

228 790 408 839 sei-ipsit,
449 789 571 827 libros
602 788 887 839 I’yllmssoricos
913 787 1061 834 fuisse,
1097 787 1289 833 uulgmlae
1320 786 1517 833 opinioni,
1558 796 1637 834 qua
1667 797 1754 824 ere-

229 858 338 894 diaso-
372 857 630 906 I'yllmssorae
666 856 889 894 auditorem
922 853 1052 901 fuisse
1085 853 1275 901 Numam,
1319 854 1527 892 mendacio
1555 854 1760 901 probabili

231 925 533 963 accommodam
560 925 652 970 fide.
715 929 752 961 at
784 923 884 961 banc
917 923 1041 973 ipsam
1073 923 1230 965 l'amam,
1263 933 1379 972 qnam
1413 921 1475 959 bic
1510 926 1550 959 ut
1583 922 1754 960 Valeria-

230 1004 318 1030 nam
353 992 474 1030 edidit
496 992 647 1036 Liuius,
681 991 839 1029 Pisonis
871 992 993 1029 l'uisse
1026 1002 1072 1028 ex
1105 994 1215 1027 certo
1248 989 1368 1027 Plinii
1400 991 1629 1027 testimonio
1661 1002 1754 1026 con-

230 1066 386 1111 pertum
421 1060 614 1098 babemus
648 1058 710 1109 (sr.
747 1057 825 1111 11),
859 1059 1061 1097 Valerium
1094 1062 1231 1095 eontra
1264 1057 1504 1095 Plutarchus
1535 1062 1572 1095 et
1604 1057 1756 1096 Plinius

232 1128 295 1178 (11.
330 1127 367 1167 7.
411 1127 448 1179 8)
483 1128 685 1166 rettulisse
725 1128 1000 1169 consentiunt,
1043 1125 1306 1164 duodecim
1346 1124 1471 1163 libros
1511 1126 1757 1176 pontificales

231 1198 353 1235 l'nisse
400 1196 642 1247 totidemque
691 1196 863 1233 Graecos
910 1199 1122 1245 praecepta
1170 1193 1445 1244 philosophiae
1492 1195 1755 1232 continentes.

233 1265 349 1306 tuido,
383 1265 531 1315 siquid
565 1263 694 1307 uideo,
728 1264 954 1301 ntwessario
986 1263 1178 1313 sequitur,
1211 1261 1367 1299 Liuium
1403 1261 1474 1299 boe
1505 1261 1592 1299 loeo
1616 1262 1757 1301 Pisone

231 1339 264 1370 et
294 1332 448 1370 Valerio
480 1333 637 1370 Antiate
672 1333 774 1369 inter
807 1344 848 1369 se
881 1331 1059 1368 eonl'usis
1084 1330 1227 1367 Valerii
1253 1330 1422 1368 Antiatis
1455 1342 1596 1368 nomen
1629 1332 1751 1382 serip-

231 1402 329 1438 sisse
362 1413 434 1450 pro
456 1400 599 1438 Pisone
632 1405 668 1437 et
695 1405 807 1437 antea
842 1404 908 1436 ant
932 1398 1129 1436 Valerium
1163 1402 1340 1435 sec-ntum
1366 1410 1573 1435 nnmerum
1606 1404 1756 1449 septem

233 1468 442 1509 librorum,
476 1469 542 1518 qni
575 1473 659 1505 erat.
692 1468 859 1507 Pisonis.
895 1478 966 1517 pro
999 1466 1207 1504 duodecim
1242 1467 1420 1516 posuisse
1452 1470 1531 1511 ant,
1564 1479 1653 1505 enm
1684 1467 1756 1506 Va-

233 1536 380 1574 leriana
415 1549 454 1572 se
489 1535 779 1573 transscribere
813 1534 1098 1575 arbitraretur,
1132 1534 1288 1571 Pisonis
1320 1535 1589 1572 narratiorwm
1625 1535 1754 1574 reddi·

233 1600 391 1647 disses)
454 1603 519 1640 sed
561 1605 678 1641 etiam
720 1616 835 1640 (renisa
880 1603 995 1640 buius
1034 1601 1350 1653 perturbationis
1382 1601 1573 1652 explicari
1614 1608 1755 1653 potest.

234 1672 420 1709 nimirum
459 1670 584 1709 Plinio
618 1677 714 1709 teste
749 1676 786 1707 et
819 1671 907 1708 Piso
940 1676 977 1707 et
1010 1670 1189 1709 Valerius
1223 1669 1320 1707 banc
1355 1681 1451 1711 rem,
1486 1683 1575 1708 eum
1609 1670 1757 1710 Numae

235 1751 296 1776 res
329 1744 587 1788 exponerent.
624 1739 687 1776 ille
722 1740 758 1775 in
792 1738 820 1779 l,
857 1738 918 1775 bie
953 1739 991 1775 in
1026 1738 1056 1775 ll
1093 1738 1209 1778 libro,
1245 1737 1495 1775 rettulerant.
1558 1750 1672 1789 quam
1706 1739 1756 1776 ob

236 1819 331 1849 rem,
366 1819 453 1843 cnm
480 1806 635 1844 Liuium
669 1806 739 1843 lios
774 1807 879 1855 ipsos
912 1805 1036 1844 libros
1071 1807 1212 1843 iterum
1239 1807 1437 1856 inspicere
1471 1806 1658 1850 taederet,
1692 1813 1757 1845 ant

234 1875 290 1911 eis
322 1886 420 1924 qnsw
454 1879 701 1924 exeerpserat
739 1880 798 1910 aut
837 1874 916 1911 sola
953 1875 1140 1911 nwmoria
1175 1879 1325 1911 temere
1367 1875 1458 1911 tisns
1492 1874 1608 1912 l'aeile
1640 1874 1756 1913 talem

234 1954 412 1979 errorem
447 1943 683 1979 roinnittere
716 1943 856 1992 potnit.
919 1941 1035 1979 simul
1072 1954 1166 1978 uero
1213 1942 1284 1979 bor.
1317 1941 1609 1979 demonstrasse
1643 1942 1758 1981 nobis

236 2010 439 2049 uidentur,
490 2022 564 2047 non
613 2023 697 2045 esse
747 2011 828 2046 ueri
873 2009 1023 2052 simile,
1076 2009 1227 2047 lAuinm
1278 2010 1394 2047 bosee
1444 2009 1568 2047 libros
1610 2024 1756 2062 ronpo-

236 2084 391 2115 nenteni
429 2077 581 2115 Pisonis
620 2077 780 2115 ambules
812 2076 857 2113 ad
899 2090 1037 2114 manns
1078 2077 1282 2121 babuisse,
1323 2090 1640 2129 ronsensnmqne
1672 2079 1758 2116 eius

237 2144 305 2182 lib.
342 2144 547 2182 XXlellll
583 2142 620 2188 (15,
655 2142 676 2181 7
714 2144 807 2188 Quid.
842 2145 929 2181 adn.
964 2144 1009 2181 ad
1045 2146 1092 2181 l'r.
1126 2142 1193 2192 321)
1226 2157 1314 2182 eum
1351 2145 1489 2182 Pisone
1522 2147 1579 2183 sir,
1612 2150 1756 2190 ortium,

237 2219 277 2249 ut
317 2212 455 2250 Liuius
496 2211 735 2249 exsrrilneret
781 2218 983 2249 auctorem
1025 2212 1217 2262 aliquem,
1266 2214 1330 2262 qni
1376 2212 1555 2250 Pisonem
1598 2218 1758 2251 secutus

236 2285 333 2317 erat.
396 2282 504 2330 optio
536 2280 650 2318 datur
684 2281 787 2317 inter
820 2279 1024 2317 (llamlium
1059 2285 1094 2317 et
1120 2280 1331 2324 Valerium,
1365 2280 1604 2330 quibuscum
1637 2283 1756 2320 etiam

238 2349 275 2385 in
309 2347 412 2385 libro
446 2347 545 2385 XXV
579 2346 640 2390 (11.
674 2344 740 2396 32)
776 2347 862 2385 l'iso
895 2361 914 2385 a
951 2347 1062 2385 Liuio
1095 2347 1348 2386 consociatus
1380 2354 1450 2386 est.

351 2415 458 2452 Nune
495 2416 787 2465 praetermissis
819 2414 990 2453 Diodoro
1032 2419 1069 2452 et
1103 2415 1256 2453 Valerio
1288 2416 1478 2460 Maximo,
1520 2416 1621 2467 apud
1660 2429 1758 2468 qnos

237 2484 444 2533 pertennia
485 2483 639 2521 Pisonis
680 2484 846 2529 uestigia
890 2480 990 2520 (adn.
1025 2482 1071 2520 ad
1103 2484 1151 2520 l'r.
1185 2480 1251 2521 23.
1285 2481 1352 2533 31)
1394 2488 1504 2527 sunt,
1549 2496 1669 2534 pergo
1711 2484 1756 2522 ad

239 2551 465 2589 Plinium.
514 2552 545 2588 is
578 2550 767 2588 tredecim
803 2550 900 2587 loeis
933 2548 1012 2597 (10.
1050 2547 1112 2588 11.
1141 2548 1202 2588 13.
1227 2548 1293 2588 20.
1326 2548 1393 2588 21.
1416 2547 1483 2588 29.
1507 2548 1574 2589 30.
1597 2549 1664 2590 31.
1688 2550 1755 2591 33.

235 2615 302 2656 34.
334 2616 400 2655 35.
433 2616 500 2657 37.
533 2615 609 2669 38)
650 2618 722 2656 sub
765 2618 917 2656 Pisonis
962 2619 1139 2661 nomine,
1187 2630 1303 2669 quem
1343 2630 1505 2668 grauem
1552 2624 1755 2658 auctorem

238 2685 329 2723 dieii
370 2684 430 2724 t'l'r.
464 2683 552 2737 38),
592 2685 783 2737 quaedam
826 2687 1012 2729 inseruit,
1052 2692 1258 2736 praeterea
1291 2688 1331 2725 in
1363 2685 1479 2725 libris
1511 2686 1686 2726 XXVIIII
1719 2692 1758 2725 et

331 2840 354 2881 ¹)
381 2843 513 2875 Nissen
542 2843 738 2876 Untersueh.
764 2853 797 2884 p.
826 2843 891 2875 236
916 2842 1007 2874 falsa
1033 2842 1144 2875 Plinii
1171 2843 1351 2886 scriptura
1385 2843 1560 2885 deceptus
1585 2853 1659 2875 rem
1683 2853 1755 2876 non

238 2898 359 2938 potnit
384 2898 426 2928 ad
453 2898 627 2941 liquidum
654 2898 863 2940 perducere.
