1884 3213
632 174 872 209 VALEfflvs
899 175 1068 208 ANTIAS
1481 184 1593 214 CCCX
1603 185 1617 214 1

90 302 179 327 eum
212 291 370 328 nomine
402 290 579 328 laudauit
610 289 856 341 multumque
890 291 928 328 in
960 291 1106 328 ceteris
1129 292 1280 341 primae
1304 290 1465 330 decadis
1499 292 1614 331 libris

92 357 248 396 uidetur
279 356 529 401 adhibuisse,
564 358 603 395 in
634 359 776 408 primis
810 359 848 395 in
881 356 985 395 libro
1019 359 1154 401 tertio,
1190 357 1259 396 ubi
1292 358 1355 397 liic
1379 365 1517 398 auctor
1549 374 1610 399 so-

90 425 150 462 lus
181 425 324 463 citatus
357 430 433 468 est,
466 424 717 476 plurimaque
752 426 790 463 in
823 427 956 475 priore
989 426 1240 475 potissimum
1273 431 1383 475 parte
1418 439 1512 465 usus
1542 427 1612 466 Va-

88 492 229 531 lerIani
263 493 430 541 uestigia
464 490 580 529 nobis
612 498 830 531 occurrunt
864 490 1108 542 (Schwegler
1139 492 1172 530 11
1205 505 1241 543 p.
1277 491 1430 545 717).¹)
1492 495 1613 546 quid?

87 559 189 610 quod
222 560 273 598 ita
305 561 391 598 eius
423 560 700 598 auctoritatem
735 561 774 597 in
806 560 877 598 hac
900 559 1159 598 historiarum
1191 572 1352 599 suarum
1384 567 1496 612 parte
1529 575 1609 601 am-

87 627 224 678 plexus
256 633 334 671 est,
368 632 410 666 ut
441 628 559 665 etiam
590 626 822 678 Dionysium
855 626 958 665 haud
991 639 1081 665 raro
1113 633 1321 678 superaret
1354 640 1610 668 numerorum

88 694 359 744 magnitudine
392 696 714 745 narrationisque
745 694 987 746 prolixitate.
1050 699 1092 732 ut
1123 694 1274 745 aliquot
1306 697 1485 748 exempla
1518 710 1609 748 pro-

87 763 280 806 feramus,
322 763 405 812 ipse
437 762 575 800 Liuius
607 774 640 800 o.
674 760 718 806 8,
754 759 806 799 10
837 774 926 800 eum
959 763 1220 812 significauit:
1260 763 1326 801 Ibe·
1357 761 1390 813 (a
1422 764 1611 804 Lucretio

86 828 247 867 consule
280 841 313 867 a.
344 826 439 869 462.
470 826 566 880 292)
608 830 791 868 Volscum
830 840 968 867 nomen.
999 840 1133 880 prope
1163 830 1334 869 deletum
1365 836 1433 869 εει.
1485 835 1609 871 lrecle-

84 897 159 935 ce'm
188 897 301 935 milia
339 897 654 945 quadrinqentos
691 898 949 945 septuayinta
986 898 1175 936 cecidisse
1213 899 1254 936 in
1294 900 1380 937 acie
1410 910 1459 938 ac
1485 900 1607 949 fuya,

83 965 188 1002 mille
215 965 483 1013 septinqentos
513 966 804 1014 quinquaqinta
834 966 948 1003 uiuos
977 970 1134 1014 captos,
1166 962 1319 1018 siyna2)
1353 968 1498 1014 uign'nte'
1523 980 1610 1017 sep-

83 1036 159 1069 tem
197 1033 390 1070 militaria
420 1033 554 1071 relata
584 1033 624 1070 in
656 1033 891 1080 quibusdam
931 1033 1144 1071 annalibus
1181 1034 1351 1072 inuenio,
1412 1034 1479 1073 ube·
1517 1038 1614 1074 elsi

84 1099 331 1138 adiectum
364 1100 565 1147 aliquid
594 1111 789 1139 numero
819 1102 902 1146 sit,
933 1111 1083 1148 mayna
1104 1106 1213 1139 certe
1232 1102 1368 1140 clades
1392 1101 1488 1149 snit.
1529 1108 1610 1141 tum

84 1168 265 1216 ingentes
296 1172 333 1205 et
365 1166 545 1206 adcurati
577 1169 736 1206 numeri
767 1169 964 1218 capitum,
1007 1180 1107 1218 quae
1138 1167 1284 1206 Romae
1325 1170 1401 1207 iam
1434 1172 1609 1221 antiquis

84 1233 335 1284 temporibus
373 1246 491 1272 censa
532 1236 629 1279 sint,
671 1247 770 1286 quae
811 1247 967 1273 omnem
1007 1235 1122 1273 fidem
1155 1235 1370 1280 excedunt,
1411 1237 1608 1276 Antiatem

83 1303 259 1352 sapiunt:
293 1314 326 1340 c.
360 1299 406 1345 3,
439 1297 464 1338 9
496 1302 643 1340 Census
674 1303 817 1341 deinde
851 1301 901 1351 (a.
933 1299 1030 1341 465.
1063 1299 1158 1352 289)
1200 1308 1312 1341 actus
1342 1309 1380 1342 et
1409 1306 1608 1344 conditum

81 1369 132 1407 ab
166 1369 346 1414 Quinctio
376 1370 555 1408 lustrum.
606 1381 726 1409 censa
756 1372 905 1410 ciuium
935 1372 1074 1424 capita
1112 1359 1257 1408 ffiff
1269 1371 1513 1410 ‚DCCXIIII
1548 1375 1607 1412 cll·

79 1441 224 1476 cuntur
249 1442 414 1485 praeler
440 1437 555 1476 orbos
577 1438 783 1486 orbusque.
828 1450 862 1476 c.
886 1435 953 1482 24,
981 1435 1032 1475 10
1055 1437 1219 1487 Census,
1251 1449 1315 1476 res
1342 1440 1480 1487 priore
1501 1452 1608 1480 mmo

80 1506 290 1555 inchoata,
322 1507 538 1554 perficitur
569 1502 677 1554 (459.
710 1502 828 1556 295),
869 1505 987 1553 idque
1023 1506 1190 1543 lustrum
1232 1506 1281 1543 ab
1313 1507 1467 1554 ore'qe‘ne
1497 1509 1606 1547 urbis

80 1573 273 1611 decimum
303 1574 501 1611 eonditum
528 1572 681 1619 ferunt.
742 1584 859 1611 censa
896 1573 1043 1611 ciuium
1081 1574 1217 1620 capita
1253 1578 1410 1612 centum
1439 1580 1606 1623 septem-

80 1642 205 1679 decim
236 1641 346 1678 milia
386 1645 560 1679 trecenta
598 1640 858 1687 undeuiyz'nei.
922 1637 986 1689 (cs.
1020 1639 1248 1690 Schwegler
1280 1640 1313 1678 11
1345 1653 1383 1691 1).
1416 1638 1499 1680 689
1530 1642 1605 1695 sq.)

170 1797 195 1839 ¹)
222 1798 301 1830 Hoc
327 1798 398 1829 iam
422 1797 610 1839 perspexit
634 1796 796 1829 Niebuhr
821 1795 994 1838 praelect.
1020 1796 1036 1827 I
1062 1807 1094 1838 p.
1121 1797 1175 1831 32.
1202 1798 1279 1828 tum
1305 1796 1348 1828 de
1374 1796 1477 1829 libris
1505 1799 1537 1831 11
1570 1804 1605 1832 et

78 1855 132 1888 111
158 1854 437 1886 adcuratissime
470 1854 546 1894 egit
571 1853 614 1886 K.
644 1854 698 1886 W.
726 1851 876 1885 Nitzsch
909 1851 1187 1893 Queuenanalyse
1217 1864 1280 1885 von
1306 1853 1420 1885 Livius
1455 1855 1488 1886 II
1516 1857 1531 1885 1
1561 1873 1601 1878 —

79 1911 151 1943 IIII
176 1912 196 1943 8
222 1922 251 1941 u.
278 1910 457 1951 Dionysius
483 1909 804 1941 Halz'lcarnassensis
830 1909 858 1940 V
885 1909 901 1939 1
919 1908 1024 1939 —XI
1049 1909 1091 1941 63
1117 1908 1154 1940 in
1180 1918 1267 1940 mus.
1288 1909 1402 1941 Rhen.
1430 1920 1463 1941 n.
1482 1910 1604 1943 XXIII

78 1965 196 2008 (1868)
223 1977 256 2007 p.
281 1967 482 1998 eoo-631.
509 1965 652 1997 XXIIII
678 1975 710 2006 p.
737 1965 799 1996 145
825 1974 900 2006 sqq.
929 1964 1028 1997 XXV
1052 1975 1086 2006 p.
1114 1965 1155 1996 75
1181 1975 1258 2007 sqq.
1300 1967 1505 2001 cui.tamen
1532 1978 1601 1998 non

79 2022 283 2062 adsentior,
309 2021 405 2063 quod
432 2031 522 2063 quas
547 2031 656 2062 saepe
683 2021 858 2052 habemus
883 2020 979 2062 apud
1004 2020 1149 2052 Liuium
1166 2020 1453 2063 Dionysiumque
1480 2033 1603 2054 narra-

79 2079 197 2110 tiones
224 2088 266 2109 ex
293 2077 431 2110 duobus
457 2077 670 2109 auctoribus
697 2077 982 2117 contaminatas,
1017 2087 1080 2108 eas
1106 2087 1127 2108 a
1152 2076 1296 2108 Licinio
1322 2077 1445 2109 Macro
1480 2088 1603 2110 secun-

79 2134 162 2166 dum
186 2133 372 2165 Valerium
397 2132 600 2173 Antiatem,
629 2133 840 2175 primarium
864 2136 1066 2173 auctorem,
1093 2135 1129 2164 et
1156 2132 1264 2164 alium
1285 2136 1471 2165 auctorem
1497 2134 1603 2166 nobis

77 2191 240 2231 ignotum
266 2189 478 2231 conpositas
505 2199 585 2221 esse
613 2192 649 2220 et
674 2188 750 2221 solo
774 2189 919 2221 Licinio
943 2188 1087 2220 Liuium
1105 2188 1392 2231 Dionysiumque
1418 2199 1503 2222 usos
1522 2200 1602 2222 esse

78 2245 195 2277 uideri
221 2245 361 2277 statuit.
394 2255 475 2276 nam
502 2254 564 2276 cur
581 2245 724 2276 Liuium
749 2245 785 2276 id
813 2245 947 2277 fecisse
966 2254 1156 2286 negemus,
1185 2244 1278 2286 quod
1295 2245 1457 2277 Licinius
1475 2246 1600 2278 Macer

80 2301 212 2334 fecisse
239 2300 418 2341 creditur,
445 2304 484 2331 ut
510 2301 621 2333 etiam
646 2301 785 2333 minora
812 2301 986 2342 quaedam
1015 2300 1172 2332 frustula
1198 2311 1241 2332 ex
1267 2300 1423 2333 diuersis
1443 2302 1599 2333 auctori-

76 2358 144 2390 bus
169 2357 343 2398 decerpta
369 2357 656 2397 contaminaret,
688 2357 902 2399 praesertim
928 2367 1006 2388 cum
1031 2356 1176 2388 Liuium
1202 2356 1307 2388 initio
1342 2358 1462 2398 operis
1491 2358 1599 2389 etiam

77 2413 162 2445 aliis
186 2412 274 2444 locis
298 2412 335 2443 in
362 2412 524 2444 fontibus
550 2412 768 2444 adhibendis
795 2413 929 2444 maiore
957 2412 1147 2454 diligentia
1172 2423 1275 2444 usum
1302 2423 1380 2445 esse
1403 2413 1597 2444 uiderimus

77 2468 136 2510 (cf.
156 2479 315 2511 supra-p.
333 2467 577 2509 LXXXXII)?
594 2471 681 2508 tum,
701 2470 870 2509 quoniam
888 2469 1055 2501 Licinius
1074 2472 1109 2500 et
1126 2468 1293 2501 Valerius
1311 2468 1441 2500 Antias
1462 2468 1599 2500 eisdem

78 2525 151 2556 fere
184 2525 408 2567 temporibus
439 2524 629 2565 scripsisse
661 2524 848 2565 uidentur,
886 2535 1014 2566 parum
1044 2525 1123 2557 ueri
1153 2524 1270 2557 simile
1308 2528 1380 2565 est,
1413 2524 1598 2556 Valerium

76 2580 220 2612 Licinio
246 2580 454 2622 primarium
481 2576 662 2611 auctorem
690 2580 814 2612 fuisse.
849 2581 974 2622 itaque
1001 2581 1183 2622 equidem,
1211 2580 1487 2622 quibuscunque
1511 2580 1598 2613 locis

74 2635 258 2667 Licinium
274 2635 413 2667 Valerii
431 2636 654 2667 auctoritate
674 2636 742 2667 niti
758 2636 977 2677 inuenimns,
997 2636 1157 2668 Antiatis
1174 2636 1421 2667 narrationem
1442 2645 1511 2667 non
1531 2646 1598 2678 per

76 2692 252 2724 Licinium
279 2693 444 2724 Macrum
475 2692 512 2722 in
538 2691 635 2722 Liuii
667 2691 774 2723 libros
805 2693 950 2724 fluxisse
982 2693 1140 2724 arbitror
1169 2691 1232 2722 sed
1265 2692 1381 2731 ipsum
1407 2691 1593 2723 Valerium

76 2747 182 2779 Liuio
209 2748 246 2779 in
271 2748 438 2780 manibus
464 2747 592 2778 fuisse.

165 2800 191 2842 ²)
217 2802 337 2834 Etiam
361 2802 444 2835 aliis
469 2802 560 2835 locis
580 2802 745 2835 Valerius
771 2804 954 2845 signorum
980 2803 1189 2834 militarium
1216 2802 1440 2843 potissimum
1467 2813 1586 2834 numer

76 2867 152 2889 rum
179 2858 312 2890 addere
339 2858 442 2890 solet.
