1884 3213
322 195 362 231 L.
390 196 693 230 CALPVRNIVS
719 196 825 229 PISO
853 196 1117 229 CENSORWS
1143 195 1291 228 FRVGI
1430 203 1636 235 CLXXXXI

117 311 240 350 fnisse
273 311 563 364 admodumque
596 324 685 350 eum
708 311 885 361 dignum,
918 312 986 361 qui
1017 312 1170 361 primus
1202 310 1271 349 illo
1303 312 1538 361 cognomine
1570 311 1637 349 de-

117 384 322 417 eoraretur
356 377 491 429 (schol.
525 379 621 417 Boh.
655 379 679 417 l.
713 392 742 416 s.
776 382 846 429 5.),
886 380 1004 416 etiam
1037 378 1157 417 rebus
1188 378 1236 416 ab
1269 391 1315 416 eo
1353 380 1497 429 gestis,
1537 391 1636 429 quae

117 446 233 484 nobis
264 446 432 485 traditae
465 452 568 491 sunt,
600 448 696 485 satis
717 447 932 484 cernimus.
977 458 1065 483 nam
1099 458 1175 483 non
1207 446 1333 483 solum
1369 447 1452 496 ipse
1484 458 1635 484 summa

116 526 206 551 cum
245 514 485 552 abstinentia
518 520 556 553 et
596 515 822 552 innocentia
858 515 895 550 in
929 526 971 551 re
1012 512 1168 563 publiea
1202 513 1512 551 administranda
1544 526 1634 551 uer-

116 587 223 619 satus
255 586 313 619 est
346 580 440 631 (uid.
474 583 553 620 (lie.
587 582 697 619 Verr.
731 581 755 619 l.
779 594 809 617 s.
834 584 880 632 s.)
913 581 982 618 sed
1015 582 1155 623 etiam,
1189 582 1260 618 etsi
1295 580 1343 618 ab
1376 581 1635 631 optimatibus

118 650 227 686 stetit
266 650 492 701 aeriumque
537 651 716 688 oratione
755 661 823 686 sua
858 661 928 699 pro
969 650 1025 685 eis
1057 654 1193 685 (wintra
1234 649 1274 685 (1.
1311 649 1530 686 Gracchum
1564 661 1633 699 pu-

115 717 275 765 gnauit,
318 718 371 754 ita
404 730 481 755 non
514 729 655 755 eaeeus
695 721 778 753 erat
810 715 856 753 ad
889 727 1025 753 eorum
1059 716 1178 756 uitia,
1212 721 1253 753 ut
1286 717 1438 766 primus
1470 718 1633 766 prouin-

115 784 266 822 ciarum
293 783 443 822 incolas
465 784 550 833 lege
582 796 602 821 a
635 785 938 833 magistratuum
960 784 1227 821 nmmum-um
1260 784 1429 821 auaritia
1455 789 1636 821 uteretur

116 864 160 888 ae
194 853 368 889 muniret
401 864 528 902 nequo
552 853 592 889 in
621 851 832 889 annalibus
862 850 1177 889 adulescentium
1200 850 1398 888 nobilium
1422 850 1633 901 superbiae

116 918 298 957 inludere
338 919 539 957 dubitaret
572 920 634 966 (fr.
667 916 733 969 27)
768 923 833 956 aut
865 923 1043 956 senatum
1083 920 1194 957 neeis
1224 918 1440 956 Maelianae
1480 919 1632 956 inuidia

114 985 306 1025 liberaret
340 986 403 1034 (l'r.
436 984 518 1038 24).
576 986 678 1024 idem
710 987 870 1037 antiqua
904 987 1119 1024 seueritate
1152 999 1245 1024 usus
1277 991 1335 1024 est
1367 990 1404 1024 et
1442 987 1481 1023 in
1514 985 1632 1027 bello,

114 1066 204 1091 euin
253 1056 495 1104 praesertum
537 1055 715 1104 equitum
755 1054 795 1091 C.
827 1054 996 1096 Titium,
1044 1055 1111 1104 qui
1158 1054 1331 1091 hostium
1376 1053 1633 1091 multitudine

114 1123 413 1159 circumuentus
435 1134 542 1159 arma
565 1123 622 1158 eis
644 1121 885 1163 tradidisset,
920 1122 1130 1173 exquisitis
1154 1122 1394 1171 igmnniniae
1417 1120 1634 1170 generibus

113 1188 301 1227 adficeret
335 1189 474 1239 (Valer.
507 1189 605 1226 Max.
642 1189 673 1226 ll
705 1186 749 1229 7,
783 1185 826 1229 9,
870 1201 915 1226 ex
949 1201 994 1226 eo
1028 1188 1353 1227 Pseudo-Front.
1387 1194 1457 1226 str.
1491 1188 1562 1225 llll
1597 1187 1631 1228 1.

116 1253 201 1308 16),
243 1262 280 1295 et
313 1256 418 1294 domi
458 1270 547 1294 cuin
591 1268 733 1293 censor
771 1261 887 1293 esset.
949 1269 1047 1306 quae
1087 1258 1192 1293 enim
1232 1256 1306 1294 alia
1348 1257 1468 1294 suerit
1515 1268 1630 1293 eausa

113 1325 291 1362 Censorii
324 1326 586 1374 mignominis,
620 1336 697 1375 quo
729 1325 863 1361 (latoni
898 1323 956 1361 illi
989 1323 1152 1372 conlega
1186 1323 1342 1361 additus
1373 1325 1455 1360 est?

224 1391 296 1429 llie
337 1393 461 1441 igitur
493 1392 707 1429 Censorius
738 1391 878 1440 Frugi,
919 1396 961 1428 ut
1000 1404 1089 1429 eum
1128 1403 1211 1429 rem
1251 1404 1286 1441 p.
1321 1390 1630 1431 administraret,

112 1459 150 1496 id
196 1460 448 1509 potissimum
496 1460 598 1509 egit,
648 1464 688 1496 ut
735 1461 845 1497 eines
884 1471 1015 1496 mores
1062 1460 1255 1496 maiorum
1295 1460 1538 1501 retinerent,
1580 1460 1629 1496 ita

114 1528 231 1564 etiam
265 1527 432 1565 historia
465 1526 755 1565 conscribenda
787 1527 971 1577 antiquae
1010 1538 1164 1564 morum
1196 1526 1410 1577 probitatis
1441 1531 1479 1563 et
1511 1526 1630 1564 disei-

112 1594 256 1645 plinae,
289 1607 407 1645 quam
442 1594 521 1632 labi
545 1594 713 1637 uideret,
746 1595 980 1632 memoriam
1004 1606 1198 1632 renouare
1221 1599 1259 1632 et
1283 1599 1464 1644 repetere
1488 1606 1629 1643 aequa—

112 1661 288 1712 liumque
329 1674 459 1699 mores
500 1663 575 1699 iam
609 1667 826 1712 eonruptos
858 1662 1069 1700 ememlare
1109 1666 1273 1699 conatus
1313 1663 1499 1711 princeps
1530 1674 1629 1699 mo-

111 1729 263 1767 ralem
303 1742 402 1780 quae
434 1730 582 1767 dieitur
613 1730 821 1767 historiam
862 1730 1039 1767 condidit
1079 1728 1281 1779 (Liebaldt
1313 1742 1350 1779 p.
1386 1727 1436 1766 12
1467 1742 1524 1779 sq.
1560 1741 1628 1766 van

112 1796 187 1834 den
226 1797 354 1846 Bergh
393 1798 442 1835 cle
479 1799 605 1845 antiq.
639 1809 735 1835 amz.
767 1799 905 1845 script.
939 1798 1052 1836 Rom.
1086 1810 1122 1847 p.
1155 1794 1237 1848 56).
1299 1809 1415 1847 <piam
1455 1796 1506 1833 ob
1546 1808 1628 1834 rem

109 1865 270 1914 copiose
311 1866 493 1915 exposuit
532 1865 690 1902 Romuli
738 1866 844 1902 uitae
885 1869 922 1902 et
968 1866 1097 1903 uictus
1143 1865 1439 1915 simplieitatem
1471 1886 1525 1889 ἡ
1556 1863 1628 1901 boe

110 1931 267 1981 quidem
300 1933 395 1970 satis
426 1933 636 1983 pueriliter
657 1955 713 1958 —
746 1929 808 1981 (fr.
831 1929 885 1983 8),
917 1932 1027 1970 Furii
1050 1932 1245 1971 Chresinli
1277 1933 1317 1969 in
1339 1944 1433 1981 agro
1463 1931 1629 1969 colendo

111 1999 346 2037 industriam
386 2005 424 2038 et
465 2000 743 2038 adsiduitatem
783 1998 850 2049 (fr.
883 1997 978 2050 33),
1022 2001 1061 2037 in
1100 2012 1251 2038 summa
1290 1999 1627 2037 lectisterniorum

110 2066 272 2105 lieentia
312 2069 461 2105 nemini
502 2069 692 2105 iniuriam
733 2072 798 2105 aut
840 2069 989 2105 l'urtum
1023 2068 1170 2106 factum
1203 2080 1288 2106 esse
1328 2067 1530 2118 praedicat
1563 2067 1625 2117 (l'r.

108 2131 197 2185 25);
239 2140 276 2172 at
309 2147 405 2173 uero
436 2147 505 2173 sua
538 2140 665 2174 aetate
698 2134 972 2173 adulescentes
1011 2136 1104 2185 peni
1136 2135 1290 2173 deditos
1328 2148 1413 2173 esse
1446 2135 1627 2184 ‹puerinu-

111 2200 173 2250 (fr.
205 2198 287 2251 40),
320 2202 631 2253 pudicitiamque
671 2201 904 2240 subuersam
937 2216 956 2241 a
988 2202 1038 2240 M.
1070 2202 1273 2241 Messallae
1306 2203 1346 2240 (Σ.
1380 2203 1502 2240 (Iassii
1534 2213 1625 2239 eeu-

109 2281 243 2306 sormn
266 2269 392 2307 lustro
416 2267 572 2319 (ΓΙ-39),
593 2276 634 2307 et-
650 2270 719 2308 Cn.
738 2270 926 2309 Manlium
943 2270 1033 2309 Asia
1057 2270 1213 2308 deuicta
1231 2272 1403 2321 prinuun
1427 2270 1626 2307 inuexisse

110 2336 312 2387 triumpho
353 2337 528 2375 triclinia
568 2343 701 2376 aerata
742 2337 965 2388 abacosque
993 2343 1031 2375 et
1062 2338 1312 2388 monopodia,
1345 2336 1518 2374 esemina
1566 2338 1624 2374 Ιίι-

108 2408 220 2441 turae
253 2404 458 2442 luxuriae'
493 2404 562 2454 (l'r.
601 2402 657 2442 34
686 2418 721 2443 e.
754 2405 873 2456 adn.).

222 2470 502 2522 Inscriptio
535 2471 755 2517 librorum,
794 2485 893 2522 quos
924 2472 1060 2510 Latine
1092 2477 1357 2523 conposuerat
1390 2474 1453 2521 (l'r.
1487 2468 1524 2508 S.
1563 2469 1623 2507 19.

108 2536 176 2576 27.
214 2537 275 2576 17.
311 2536 398 2590 18),
438 2538 487 2577 ab
520 2539 706 2578 omnibus
747 2542 830 2578 sere
862 2539 1128 2590 seriptoribns
1160 2540 1287 2577 adlata
1319 2545 1376 2577 est
1408 2538 1623 2579 annalium,

109 2618 128 2643 a
161 2605 244 2643 solo
276 2606 481 2644 l'riseiano
516 2605 577 2657 (l'r.
614 2605 676 2658 17)
711 2619 789 2645 uno
820 2607 907 2646 loeo
940 2607 1218 2647 historiarum,
1260 2606 1622 2643 eomnentariorun1

109 2684 130 2710 a
162 2672 292 2710 Plinio
327 2672 389 2722 (fr.
425 2672 504 2725 11).
566 2680 778 2725 utrumque
811 2680 956 2719 tamen,
988 2686 1078 2712 eum
1110 2674 1200 2712 aliis
1232 2673 1330 2711 loeis
1363 2670 1442 2721 tlS.
1469 2669 1531 2709 10.
1559 2670 1621 2724 13)

110 2740 270 2777 annales
302 2739 459 2777 Pisonis
498 2740 622 2778 libros
654 2741 935 2791 adpellanerit,
977 2742 1056 2779 illis
1087 2742 1217 2778 minus
1249 2739 1434 2777 adcurate
1464 2739 1623 2777 titulum

110 2808 253 2845 citasse
299 2806 603 2845 existimandmn
649 2813 727 2851 est,
773 2821 900 2859 neque
946 2809 1148 2846 adsentior
1194 2806 1353 2844 Ilertzio
1395 2804 1625 2855 (Slreifzuy

110 2886 146 2924 p.
176 2873 237 2925 19)
262 2879 326 2911 aut
349 2874 539 2912 Mei-kene
573 2874 701 2925 (Ouid.
726 2876 811 2913 l'ast.
848 2889 882 2925 p.
910 2875 1070 2925 LXXX).
1105 2873 1250 2924 quibus
1284 2874 1377 2911 liaeo
1411 2873 1623 2912 diuersitas
