1884 3213
140 890 206 938 {39

140 947 205 978 558

233 184 314 228 252
860 188 1161 229 RELLIQVIAE

233 302 338 354 leges
371 307 440 346 est,
475 326 530 330 ——
560 325 616 330 ——
646 316 695 342 ne
728 304 816 354 plus
847 304 1025 354 quinque
1058 303 1167 341 milia
1202 308 1444 342 armatorum
1467 303 1634 343 haberet
1656 316 1758 342 neue

233 371 488 422 elephantum
535 370 674 409 ullum.
738 371 885 410 bellum
934 377 1045 409 extra
1082 370 1336 410 Macedoniae
1375 371 1471 411 fines
1511 383 1560 410 ne
1603 373 1758 410 iniussu

232 444 391 477 senatus
435 444 607 490 gereret.
647 461 703 466 —
740 439 920 478 Valerius
957 439 1106 477 'Antias
1150 444 1389 489 quaternum
1433 439 1588 479 milium
1627 439 1757 490 pondo

233 507 385 557 argenti
433 506 604 557 uectigal
652 509 692 545 in
739 507 877 546 deceni
917 519 1041 545 annos
1080 507 1299 558 inpositum
1339 508 1426 557 regi
1465 507 1597 546 tradit.
1630 529 1686 534 —
1718 509 1758 547 in

232 575 329 613 haec
362 574 522 614 obsides
555 576 721 626 accepti,
756 576 860 613 inter
893 587 991 625 quos
1022 574 1249 613 Demetrius
1270 574 1447 626 Philippi
1479 574 1595 613 filius.
1636 574 1759 614 adicit
1782 581 1797 606 5

231 644 366 681 Antias
407 642 587 681 Valerius
626 643 754 681 Attalo
802 641 958 681 absenti
995 642 1185 692 Aeginam
1234 642 1404 681 insulam
1445 642 1757 693 elephantosque

233 711 335 749 ‹lono
372 711 484 749 datos
516 715 555 749 et
585 710 753 749 Rhodiis
785 710 1076 749 Stratoniceam
1109 710 1326 760 Cariaeque
1358 710 1454 748 alias
1486 709 1628 755 urbes,
1661 723 1758 762 quas

232 779 439 830 Philippus
458 780 677 823 tenuisset,
700 777 1015 817 Atheniensibus
1038 778 1188 817 insulas
1211 777 1319 816 datas
1340 777 1546 822 Lemnum,
1564 777 1756 823 Imbrum,

232 846 382 891 Delum,
416 846 596 898 Scyrum.

344 910 419 953 34.
465 915 553 953 [ἐτι.
597 914 798 952 XXXIII
835 911 908 958 36,
944 912 971 952 4
1010 913 1201 952 Consules
1241 915 1281 952 in
1319 914 1547 965 provincias
1585 914 1755 965 profecti
1774 932 1805 955 ιο

231 988 335 1020 sunt.
396 982 628 1021 Marcellum
668 982 857 1020 Boiorum
905 983 1131 1031 ingressum
1177 982 1286 1026 finis,
1332 981 1499 1031 fatigato
1540 994 1610 1032 per
1652 982 1759 1019 diem

233 1055 357 1088 totum
388 1051 515 1089 milite
549 1052 613 1088 nia
647 1050 849 1094 facienda,
884 1054 1012 1087 castra
1045 1050 1150 1087 inter
1182 1049 1355 1087 tumulos
1387 1048 1577 1100 quosdam
1607 1061 1757 1100 ponen-

233 1123 309 1155 tem
344 1117 577 1156 Corolamus
616 1117 778 1169 quidam
817 1117 981 1167 regulus
1011 1116 1201 1155 Boiorum
1243 1129 1333 1155 cum
1369 1128 1510 1167 magna
1540 1128 1660 1155 manu
1691 1117 1757 1155 ad-

231 1191 342 1224 ortus
375 1185 421 1223 ad
453 1187 530 1224 tria
562 1185 673 1224 inilia
705 1185 911 1223 hominum
933 1185 1094 1224 occidit.
1139 1190 1176 1223 et
1208 1184 1399 1224 inlustres
1423 1186 1503 1223 uiri
1534 1184 1686 1235 aliquot
1717 1186 1759 1223 in

231 1253 299 1292 illo
340 1253 599 1292 tumultuario
631 1253 784 1304 praelio
817 1253 1071 1297 ceciderunt,
1111 1253 1217 1291 inter
1248 1265 1346 1304 quos
1378 1253 1571 1304 praefecti
1603 1253 1757 1291 socium
1780 1273 1810 1298 15

230 1322 271 1360 T.
306 1320 568 1372 Sempronius
608 1320 811 1361 Gracchus
852 1326 890 1359 et
929 1320 978 1359 M.
1012 1320 1153 1359 Iunius
1191 1319 1350 1359 Silanus
1390 1325 1428 1359 et
1466 1319 1621 1358 tribuni
1652 1320 1757 1358 mili-

230 1395 313 1428 tmn
347 1389 393 1427 de
426 1390 582 1440 legione
614 1389 787 1428 secunda
819 1388 868 1427 M.
903 1388 1100 1439 Ogulnius
1132 1394 1169 1427 et
1200 1388 1241 1426 P.
1276 1388 1477 1427 Claudius.
1539 1393 1668 1427 castra
1700 1392 1757 1427 ta-

230 1470 321 1496 men
350 1457 398 1495 ab
430 1457 620 1496 Romanis
652 1458 808 1508 inpigre
841 1458 1068 1507 permunita
1098 1461 1345 1507 retentaque,
1379 1469 1470 1494 cum
1501 1456 1635 1494 hostes
1665 1467 1755 1507 pro-

231 1538 346 1576 spera
386 1536 517 1576 pugna
557 1525 651 1563 elati
689 1526 930 1576 nequiquam
970 1530 1278 1575 oppugnassent.
1340 1525 1498 1562 statiuis
1530 1523 1673 1562 deinde
1705 1525 1756 1562 is-

232 1593 319 1631 dem
353 1605 423 1644 per
456 1593 540 1631 dies
571 1593 722 1643 aliquot
753 1605 838 1631 sese
871 1594 1018 1638 tenuit,
1063 1592 1156 1630 dum
1189 1598 1227 1631 et
1258 1593 1413 1630 saucios
1445 1599 1603 1630 curaret
1635 1596 1673 1630 et
1702 1603 1756 1631 ex
1778 1611 1811 1635 20

233 1666 340 1699 tanto
372 1666 526 1699 terrore
559 1662 712 1699 animos
744 1661 917 1699 militum
948 1661 1148 1699 reficeret.
1201 1660 1286 1705 Boi,
1320 1665 1364 1698 ut
1396 1665 1455 1698 est
1475 1671 1572 1710 gens
1593 1660 1757 1698 minime

233 1826 298 1861 καὶ
314 1828 440 1879 χίλια
472 1824 660 1883 τάλαντα,
695 1825 838 1861 τούτων
871 1841 916 1861 τοι
948 1840 1016 1871 μεν
1039 1826 1168 1871 ἡμίση
1198 1826 1434 1869 παραυτίκα,
1479 1840 1526 1861 τα
1563 1823 1601 1860 δ’
1639 1823 1757 1870 ἡμίση

231 1868 329 1906 κατὰ
356 1872 516 1915 φόρους,
543 1870 584 1906 ἐν
611 1871 709 1906 ἔτεσι
743 1872 848 1907 δέκα.
902 1876 1082 1916 qninyenta
1114 1876 1199 1906 enim
1222 1876 1350 1906 talenta
1375 1875 1585 1915 respondent
1609 1874 1756 1915 quadra-

229 1922 324 1959 ‹sinta
354 1920 481 1951 milibus
512 1921 648 1959 arpenti
674 1921 790 1960 pondo
823 1920 1087 1958 (Weissenborn
1118 1931 1148 1951 a.
1179 1921 1210 1952 le.
1239 1922 1258 1953 l.
1286 1920 1407 1952 Nissen
1432 1931 1465 1960 p.
1493 1921 1586 1953 108)
1634 1920 1675 1950 de
1701 1919 1758 1950 do-

234 1965 421 1996 nationibus
451 1965 583 1996 Valerii
607 1966 840 1997 anctoritatem
865 1976 931 2006 pro
962 1965 1063 1997 nilzz'lo
1095 1966 1280 1997 ducendam
1305 1975 1378 1997 esse
1405 1965 1528 1996 Nissen
1551 1975 1586 2006 p.
1616 1963 1680 1995 145
1704 1973 1757 2005 sq.

231 2011 355 2043 docuit.

322 2064 387 2099 34·
420 2067 536 2098 Totam
553 2067 646 2097 Liuii
670 2067 899 2098 narrationem
928 2067 1054 2107 recepi,
1082 2067 1160 2107 qaia
1186 2067 1253 2097 nisi
1276 2066 1338 2096 lzae
1362 2066 1551 2106 praemissa
1577 2075 1616 2096 ea
1641 2064 1755 2100 uerba,

232 2123 316 2153 qaae
348 2123 394 2144 ex
421 2113 560 2144 Antiate
592 2113 720 2143 inserta
750 2116 842 2147 sunt,
881 2112 1031 2152 intellegi
1061 2122 1126 2142 non
1162 2116 1323 2152 poterant
1354 2116 1387 2142 et
1418 2121 1489 2142 eam
1524 2111 1571 2142 ad
1608 2109 1758 2141 Antiatis

231 2158 466 2189 auctoritatem
490 2158 605 2188 redire
632 2158 707 2188 aeri
731 2161 781 2188 est
805 2157 1010 2188 simillimzmz.
1037 2156 1082 2196 cf.
1113 2156 1228 2188 Claud.
1252 2157 1301 2195 fr.
1321 2157 1375 2187 64.
1403 2156 1526 2187 Nissen
1549 2166 1585 2196 p,
1610 2155 1673 2186 149
1690 2164 1754 2194 sq..

232 2204 288 2243 qui
311 2208 402 2234 recte
427 2204 626 2243 scriptores,
653 2212 736 2243 quos
761 2206 851 2234 extr.
877 2212 952 2243 cap.
979 2202 1097 2233 Liuias
1123 2206 1362 2238 conmemorat,
1398 2201 1568 2233 Claudiam
1593 2205 1625 2232 et
1655 2200 1755 2232 Vale-

232 2249 314 2279 riam
339 2258 411 2279 esse
437 2248 685 2279 animaduertit.

347 2409 384 2445 6.
425 2408 570 2443 absente
610 2409 813 2456 Bamberq.
981 2407 1015 2442 7.
1055 2407 1314 2443 Stratoniceam
1354 2402 1528 2451 Bamhss,
1566 2410 1701 2452 postea
1739 2417 1756 2440 r

232 2467 340 2501 delet.
460 2465 574 2500 cariae
606 2469 712 2512 atque
746 2464 914 2512 Moyunt.
1035 2464 1071 2500 8.
1106 2460 1294 2513 Lemnum]
1329 2464 1444 2498 Paron
1476 2463 1647 2510 Moyunt.

346 2538 420 2590 34,
456 2544 518 2580 10.
551 2544 749 2590 prouintias
786 2544 912 2579 Bamb.
1042 2542 1103 2578 12.
1135 2544 1171 2578 in
1203 2542 1340 2578 tumulo
1372 2541 1523 2589 quodam
1556 2541 1726 2588 Moqunt.

236 2601 298 2637 13.
331 2599 471 2647 quidam
504 2611 572 2635 om.
606 2600 776 2647 Mofflcnt.
926 2599 987 2634 14.
1022 2599 1086 2634 tria
1118 2599 1190 2634 mil.
1226 2599 1357 2634 Bamb.
1421 2599 1484 2633 tria
1515 2597 1623 2632 millia
1653 2597 1753 2644 Moy.

318 2655 462 2703 aliquod
494 2656 626 2691 Bamb.
775 2655 837 2691 16.
879 2651 938 2703 T.]
972 2655 1023 2690 Ti.
1058 2656 1232 2703 Sicjonz'us
1375 2658 1410 2689 et
1441 2665 1511 2690 om.
1544 2654 1641 2700 Moy.

233 2712 398 2760 Syllanus
437 2712 536 2759 Moy.
683 2719 727 2747 tr.
767 2712 839 2747 mil.
883 2711 1017 2747 Bamb.
1164 2712 1227 2746 17.
1265 2711 1309 2745 M.
1344 2723 1412 2746 om.
1444 2710 1543 2757 Moy.
1690 2708 1753 2745 18.

236 2769 298 2805 19.
331 2779 462 2815 prospe
494 2779 614 2815 pugna
648 2769 783 2804 Bamb.
931 2767 993 2803 19.
1027 2767 1107 2802 elati
1140 2779 1209 2803 om.
1244 2766 1342 2814 Moy.
1488 2769 1757 2813 expugnassent

241 2825 368 2861 Bamb.
506 2824 570 2860 20.
604 2824 746 2871 aliquod
782 2825 914 2859 Bamb.
1051 2824 1185 2859 sautios
1217 2824 1316 2870 Moy.
1444 2834 1484 2858 ex
1516 2833 1584 2857 om.
1620 2821 1752 2857 Bamb.

234 2882 332 2927 illua.
367 2881 452 2916 aad.
488 2880 683 2916 Dralcenb.
