1884 3213
253 208 402 240 cccxx
589 196 653 229 DE
681 193 993 229 scmPTonM
1017 194 1145 230 v1T1s
1171 193 1234 228 ΕΤ
1261 192 1475 229 SCRIPTIS

252 328 286 364 p.
319 312 429 364 b'lsz.
493 312 635 350 deinde
669 313 816 350 iterum
848 310 989 361 legatis
1022 310 1154 349 missis
1185 308 1391 349 Vindicius
1423 323 1565 350 seruus
1596 323 1686 350 cum
1718 311 1777 350 iu—

247 394 391 419 uenum
425 382 730 418 coniuratorum
763 391 969 417 sermones
1001 379 1245 429 excepisset,
1287 390 1371 417 rem
1404 391 1484 417 non
1515 379 1563 417 ad
1595 380 1780 419 consules

247 449 313 486 sed
347 448 394 486 ad
427 448 630 486 Valerium
662 447 826 491 detulit,
868 447 936 497 qui
975 446 1168 484 aduocato
1199 445 1332 485 Marco
1372 446 1495 485 fratre
1534 448 1778 486 coniuratio-

246 529 335 554 nem
374 516 562 566 patefecit
606 513 652 565 (c.
686 512 724 552 4.
768 512 866 565 5).¹)
930 513 1147 552 iuuenibus
1187 513 1356 552 sceleris
1396 516 1594 554 conuictis
1631 515 1780 553 Brutus

247 583 386 621 consul
427 583 472 621 de
515 583 608 621 liliis
639 582 882 633 supplicium
915 582 1102 633 sumpsit,
1145 586 1228 619 tum
1267 593 1364 619 uero
1396 581 1634 621 Plutarchus
1674 594 1776 626 eum,

249 657 291 689 ut
322 651 461 689 domus
494 662 588 688 suae
621 650 847 689 calamitate
879 650 1071 693 fractum,
1106 648 1316 687 admodum
1350 650 1493 688 inscite
1526 649 1573 689 de
1596 651 1683 689 foro
1714 661 1775 688 re-

248 724 405 762 mouet,
441 723 482 756 ut
514 718 739 768 Poplicolae
772 722 905 768 partes
936 716 1125 768 quasdam
1158 715 1321 755 tribuat.
1364 729 1489 768 paene
1521 718 1628 756 enim
1661 718 1702 755 in
1734 730 1779 756 eo

250 788 374 824 fuisse
408 785 569 829 scribit,
605 791 647 823 ut
679 785 900 824 Collatinus
930 784 1145 835 Aquillios,
1188 785 1281 822 item
1315 786 1606 823 coniurationis
1637 786 1779 829 socios,

250 855 401 891 sororis
433 866 526 891 suae
560 853 680 896 tilios,
714 865 757 890 ex
793 864 919 903 poena
949 854 1163 895 eximeret,
1197 853 1237 890 ni
1263 852 1460 902 Poplicola
1493 853 1710 891 restitisset
1743 858 1779 890 et

250 934 333 959 rem
375 934 499 971 usquc
539 921 587 959 ad
627 920 841 959 aduentum
880 920 1014 963 Bruti,
1054 921 1121 970 qui
1161 921 1353 957 continuo
1385 921 1616 965 arcessitur,
1656 919 1781 958 distu-

250 990 360 1027 lisset
403 1000 450 1038 tc.
484 987 577 1039 ’ῖ).’”’)
641 990 759 1026 ctiam
799 989 839 1025 in
879 987 1076 1025 Porsenae
1124 986 1227 1025 bello
1274 989 1475 1037 egregiam
1522 1000 1683 1038 operam
1723 988 1782 1025 rei

251 1056 435 1107 publicae
468 1061 585 1094 nauat
608 1055 831 1106 Poplicola,
865 1068 994 1106 neque
1017 1056 1130 1105 prius
1162 1054 1208 1092 ad
1231 1060 1392 1105 pontem
1424 1055 1641 1093 sublicium
1663 1055 1781 1093 Tusci

252 1130 481 1174 penetrant,
521 1136 637 1174 quam
678 1123 743 1161 ille
776 1123 915 1162 consul
948 1134 1205 1173 propugnans
1236 1124 1350 1172 graui
1394 1123 1560 1162 uulnere
1599 1123 1782 1162 adflictus

251 1205 296 1230 cx
333 1204 460 1243 pugna
493 1196 718 1242 asp‹1n‘tatus
750 1197 821 1230 est.
858 1189 905 1240 (c.
933 1188 982 1228 16
1004 1209 1058 1221 =
1078 1189 1193 1228 Dion.
1217 1190 1245 1227 V
1267 1187 1350 1241 23).
1388 1189 1504 1229 breui
1531 1196 1662 1229 tamen
1693 1195 1782 1241 post

253 1261 399 1309 optima
433 1259 661 1297 ualetudine
702 1271 797 1296 usus
837 1260 1075 1297 excursione
1114 1259 1216 1296 facta
1257 1260 1432 1309 quinque
1465 1258 1640 1297 hostium
1672 1258 1781 1296 milia

251 1327 399 1365 occidit
433 1326 481 1377 (c.
517 1325 596 1377 17).
640 1339 713 1377 pax
747 1326 842 1364 solis
871 1326 1097 1377 Poplicolae
1130 1325 1311 1364 consiliis
1343 1331 1381 1364 et
1413 1333 1496 1365 arte
1528 1326 1781 1371 conciliatur,

252 1395 368 1445 idque
403 1400 479 1432 tam
513 1395 648 1446 aequis
671 1393 996 1437 condicionibus,
1031 1399 1074 1432 ut
1106 1406 1184 1431 non
1216 1393 1333 1432 modo
1365 1399 1517 1445 septem
1549 1395 1680 1438 uicos,
1714 1395 1782 1445 qui

252 1462 520 1506 uwcabantur,
569 1474 637 1499 rex
681 1474 759 1500 non
805 1462 979 1512 postulet
1026 1459 1155 1511 (Dion.
1197 1462 1225 1499 V
1263 1460 1331 1513 31)
1374 1461 1442 1500 sed
1489 1463 1608 1500 etiam
1654 1467 1783 1501 castra

251 1530 439 1568 omnibus
471 1531 598 1580 copiis
630 1531 779 1568 ret'erta
810 1529 1000 1567 Romanis
1032 1529 1231 1580 relinquat
1264 1529 1311 1580 (c.
1340 1527 1403 1568 18.
1430 1527 1510 1581 19).
1550 1542 1648 1580 pace
1680 1531 1780 1568 sacta

251 1600 420 1648 Appium
445 1598 652 1636 Claudium
676 1597 838 1635 Romam
861 1596 1028 1635 aduocat
1052 1595 1098 1646 (c.
1121 1594 1230 1648 21)3)
1265 1602 1314 1641 et,
1348 1602 1604 1648 posteaquam
1637 1599 1781 1636 iterum

254 1678 316 1702 ros
348 1665 394 1703 ad
426 1677 532 1702 arma
566 1677 657 1703 cum
690 1664 849 1702 Sabinis
880 1666 1010 1709 uenit,
1053 1664 1202 1703 bellum
1234 1666 1286 1703 ita
1318 1666 1442 1715 gerit,
1484 1670 1526 1703 ut
1568 1667 1780 1704 uictoriam

253 1746 389 1771 onmes
428 1733 473 1770 ad
515 1745 636 1770 unum
668 1732 911 1783 l'oplicolam
951 1734 1128 1771 reserant
1170 1727 1282 1782 (ἑνὸς
1312 1731 1446 1783 ἔργον
1475 1727 1671 1783 ἡγοῦντο
1702 1734 1784 1771 τοῦ

253 1800 503 1851 στρατηγοῦ
542 1798 775 1849 γεγονέναι
813 1814 846 1839 c.
887 1798 955 1838 2⁵2..
995 1798 1079 1851 23).
1148 1800 1359 1839 Praeterea
1399 1801 1502 1839 idem
1540 1802 1694 1852 primus
1736 1813 1782 1838 ex

253 1867 488 1905 vonsoliims
512 1868 774 1918 {riumplnuuit
797 1873 834 1905 ct
857 1868 1129 1906 laudationum
1152 1880 1303 1907 morem
1326 1870 1500 1906 instituit
1523 1866 1570 1918 (c.
1594 1866 1632 1921 9)
1658 1868 1780 1906 idem-

254 1948 328 1985 «μιν
362 1935 505 1972 mnltas
546 1937 697 1984 rogauit
744 1935 851 1983 leges
890 1936 1122 1986 populares,
1164 1949 1263 1986 quac
1303 1935 1351 1973 ab
1391 1936 1479 1974 aliis
1511 1935 1781 1987 scriptoribus

254 2002 499 2041 fortioribus
533 2016 654 2053 pzwnae·
687 2016 824 2040 (minos
856 2003 901 2040 ad
935 2003 1033 2040 alios
1065 2009 1247 2041 auctores
1280 2006 1511 2042 reseruntur
1540 2004 1782 2054 (Schwegler

262 2070 289 2107 ll
325 2084 362 2121 p.
397 2070 434 2107 t).
470 2070 627 2109 Muxsi-,11
662 2083 697 2120 p.
730 2068 839 2122 622).

367 2138 447 2175 sod
483 2140 601 2175 ctiam
640 2150 776 2176 corum
819 2151 918 2188 qnae
958 2141 1080 2177 ceteri
1125 2139 1266 2177 Valerii
1307 2139 1353 2177 de
1394 2152 1435 2177 re
1476 2139 1637 2190 publica
1680 2139 1780 2178 bone

348 2331 371 2372 ¹)
400 2331 595 2371 Dionysius
620 2329 650 2360 V
677 2331 708 2370 7,
739 2331 799 2372 qui
827 2330 974 2362 Valerio
1007 2331 1093 2363 item
1121 2342 1201 2364 esse
1228 2342 1314 2364 usus
1338 2332 1501 2371 uidetur,
1536 2333 1625 2364 haee
1653 2333 1779 2364 eodem

257 2389 358 2419 modo
386 2391 524 2427 narrat,
552 2387 595 2418 de
623 2387 735 2418 fratrc
763 2391 883 2418 tamen
910 2391 1020 2419 tacet.
1072 2388 1165 2429 apud
1192 2388 1335 2419 Liuium
1362 2388 1412 2429 (11
1437 2387 1474 2430 4)
1502 2399 1558 2420 res
1585 2389 1628 2420 ad
1656 2399 1783 2421 eonsu-

257 2445 310 2475 les
338 2443 466 2475 delata
493 2447 559 2474 est.

345 2499 372 2540 2)
405 2500 459 2530 De
493 2499 561 2530 bac
594 2498 731 2530 Valerii
764 2509 876 2540 opera
910 2500 999 2530 nibil
1033 2499 1144 2531 habet
1175 2501 1384 2542 Dionysius.
1433 2501 1529 2543 apud
1560 2501 1656 2532 hunc
1688 2502 1783 2533 enim

260 2557 390 2587 Brutus
416 2549 648 2593 ἀποκτείνας
674 2551 760 2593 τοὺς
785 2552 892 2592 υΐοὺς
919 2551 1064 2594 εὐθὺς
1091 2551 1217 2588 ἐκάλει
1244 2552 1331 2595 τοὺς
1358 2551 1594 2599 ἀδελφιδοῦς
1612 2555 1678 2590 τοῦ
1697 2567 1784 2589 συν-

256 2607 436 2654 άρχοντος
464 2608 674 2649 Ἀκυλλίους
708 2612 735 2642 V
762 2614 792 2643 9.
839 2612 964 2643 Liuius
999 2614 1240 2653 antiquiorem
1273 2624 1376 2645 suum
1416 2618 1603 2645 auctorem
1635 2617 1782 2646 secutus

257 2668 474 2709 simpliciter
498 2668 588 2699 baec
615 2672 753 2699 narrat.

347 2723 373 2763 3)
401 2718 511 2756 ταῦτ’
539 2715 607 2756 οὖν
635 2719 653 2756 ὁ
673 2718 916 2762 Ποπλικόλας
943 2719 986 2756 οὐ
1005 2720 1122 2766 μόνον
1150 2724 1297 2759 εἰδέναι
1316 2721 1542 2768 ποιούμενος
1561 2723 1669 2769 ἔργον
1687 2720 1781 2759 ἀλλὰ

258 2779 321 2812 καὶ
352 2783 476 2812 κινεῖν
507 2779 571 2813 καὶ
605 2780 843 2823 συνεξορμᾶν
876 2776 945 2822 τὴν
978 2775 1109 2814 στάσιν
1136 2778 1236 2824 εἶχεν
1270 2775 1415 2823 ἄνδρας
1448 2778 1708 2825 ἐπιτηδείους,
1745 2779 1782 2814 οἳ

258 2835 306 2879 τῷ
334 2831 492 2877 Κλαύσῳ
523 2834 740 2879 διελέγοντο
765 2831 858 2878 παρ’
885 2830 1003 2869 αὐτοῦ
1035 2838 1195 2869 τοιαῦτα
1230 2850 1262 2873 κ.
1289 2850 1318 2873 τ.
1345 2840 1375 2870 λ.
1424 2839 1467 2870 de
1494 2840 1550 2871 his
1576 2839 1782 2880 conloquiis

259 2896 355 2923 tacet
383 2892 591 2933 Dionysius
