1884 3213
212 175 294 216 266
832 177 1131 218 RELLIQVIAE

208 292 256 330 ab
299 305 344 330 eo
384 293 487 330 inter
527 292 624 330 alios
656 293 836 342 captiuos
867 294 907 330 iu
939 292 1072 331 Africa
1105 306 1150 330 ex
1183 293 1366 332 hostibus
1392 299 1578 345 receptus
1610 299 1731 338 esset:

208 358 302 410 aut>
334 358 432 398 adeo
465 361 672 398 inimicum
704 359 887 405 eundem,
921 365 965 398 ut
995 365 1159 411 propter
1192 361 1389 410 insignem
1420 362 1662 401 simultatem
1685 363 1733 402 ab

209 440 251 465 ea
285 428 479 471 factione,
513 439 612 478 (piae
643 427 811 466 aduersa
843 427 1102 479 Scipionibus
1134 433 1238 472 erat,
1281 427 1459 467 delectus
1491 430 1542 468 sit
1573 431 1732 480 potissi-

209 507 316 533 mum
359 494 406 533 ad
445 497 719 546 quaestionem
758 495 1022 534 exercendam
1053 509 1128 539 —;
1176 501 1353 535 ceterum
1392 496 1438 535 ad
1479 497 1583 536 hunc
1615 500 1734 537 nimis

207 561 407 613 <aequum
440 561 536 614 aut>
568 563 749 614 iniquum
780 568 1007 614 praetorem
1030 576 1123 602 reus
1145 564 1342 615 extemplo
1365 565 1493 603 factus
1514 564 1556 603 L.
1581 564 1731 616 Scipio.
1758 575 1773 600 5

208 630 325 669 simul
358 635 396 668 et
428 630 555 669 delata
588 635 626 668 et
658 635 817 681 recepta
849 633 1011 670 nomina
1042 631 1263 681 legatorum
1295 633 1400 676 eius,
1441 633 1482 671 A.
1516 637 1553 672 et
1583 632 1626 671 L.
1659 633 1734 671 llo-

207 704 235 735 st
248 698 407 736 iliorum
440 698 632 737 Catonum
665 703 702 737 et
733 698 773 737 C.
806 698 917 737 Furii
946 699 1160 737 Aculeonis
1192 701 1414 750 quaestoris
1446 704 1496 744 et,
1531 705 1571 738 ut
1602 701 1734 739 omnia

209 771 389 804 ‹omae-ta
429 767 620 805 societate
662 766 868 817 peculatus
907 766 1163 812 uiderentur,
1210 766 1366 806 scribae
1398 779 1554 818 quoque
1587 767 1664 806 duo
1697 772 1736 806 et

177 845 414 871 -accensus
475 834 517 872 L.
562 834 752 872 Hostilius
798 840 836 872 et
881 833 1039 872 scribae
1078 840 1115 872 et
1155 847 1369 879 accensus,
1415 836 1647 886 pruisquam
1687 835 1734 874 de

208 900 396 952 Scipione
437 901 629 940 iudicium
670 902 802 946 fieret,
850 901 1022 940 absoluti
1062 907 1174 946 sunt,
1221 901 1356 953 Scipio
1395 907 1432 940 et
1463 903 1506 941 A.
1539 902 1734 941 Hostilius
1760 922 1791 944 10

209 968 359 1018 legatus
392 974 429 1007 et
462 968 502 1007 C.
536 969 680 1007 Furius
713 969 905 1008 damnati:
948 982 1024 1021 quo
1058 969 1304 1007 commodior
1334 982 1409 1020 pax
1439 970 1634 1008 Antiocho
1666 969 1733 1008 da-

210 1041 338 1080 retur,
380 1036 611 1087 Scipionem
649 1049 718 1075 sex
758 1038 866 1076 milia
899 1037 1029 1088 pondo
1061 1039 1171 1081 auri,
1211 1036 1502 1088 quadringenta
1533 1039 1734 1087 octogiuta

208 1105 363 1153 argenti
395 1103 483 1154 plus
516 1106 717 1155 accepisse
751 1117 868 1155 quam
900 1107 940 1143 in
972 1106 1172 1143 aerarium
1205 1104 1421 1148 rettulerit,
1453 1105 1496 1143 A.
1520 1104 1733 1143 Hostilium

208 1172 409 1221 calogium
442 1172 571 1222 pondo
604 1175 704 1216 auri,
739 1178 775 1211 et
807 1174 963 1223 argenti
994 1172 1284 1223 quadringenta
1305 1173 1394 1217 tria,
1427 1171 1592 1210 Furium
1614 1184 1732 1223 quae-

207 1244 355 1276 storem
402 1241 490 1277 auri
528 1239 658 1290 pondo
699 1245 859 1280 eentum
897 1241 1083 1290 trIginta,
1130 1241 1284 1290 argenti
1316 1239 1499 1278 ducenta.
1560 1239 1630 1278 has
1661 1251 1734 1290 ego
1760 1257 1791 1282 15

209 1318 382 1345 summas
415 1308 502 1345 auri
534 1312 572 1346 et
604 1309 759 1357 argenti
791 1308 937 1346 relatas
969 1308 1074 1359 apud
1104 1308 1302 1346 Antiatem
1334 1309 1485 1346 inueni.
1508 1329 1564 1334 —
1593 1329 1649 1333 —-

324 1382 370 1413 6
403 1371 484 1426 58.)
519 1374 683 1414 Iudiciis
724 1390 744 1414 a
776 1376 820 1422 Q.
854 1376 1041 1414 Terentio
1072 1381 1257 1427 praetore
1289 1376 1500 1426 perfectis,
1538 1374 1734 1413 Hostilius

208 1447 246 1480 et
277 1441 422 1480 Furius
460 1442 634 1481 damnati
672 1443 842 1494 praedes
881 1443 1020 1482 eodem
1062 1443 1126 1482 die
1158 1442 1439 1495 quaestoribus
1470 1442 1636 1481 urbanis
1667 1442 1733 1481 de·

209 1510 371 1553 ‹lerunt;
405 1509 541 1561 Scipio
564 1523 654 1549 cum
677 1511 938 1550 contenderet
961 1524 1117 1549 omnem
1141 1524 1258 1562 quam
1281 1511 1501 1561 accepisset
1521 1511 1733 1560 pecuniam

210 1579 248 1615 in
281 1578 436 1615 aerario
469 1590 567 1622 esse,
601 1590 674 1617 nec
707 1591 747 1617 se
779 1580 993 1630 quicquam
1026 1577 1178 1631 publici
1201 1578 1362 1623 babere,
1396 1579 1436 1617 in
1459 1577 1620 1617 uincula
1642 1577 1734 1617 duci
1759 1594 1791 1620 20

298 1768 324 1789 r.
365 1759 406 1789 de
431 1760 594 1799 pecuniae
617 1770 740 1790 summa
772 1761 840 1794 uid,
869 1760 1052 1791 Mommsen
1085 1760 1126 1791 (le
1151 1770 1189 1790 re
1215 1770 1298 1793 num.
1323 1770 1359 1800 p.
1385 1759 1463 1790 402.
1513 1758 1665 1790 Ceterum
1691 1758 1733 1789 de

206 1814 328 1834 summa
360 1806 436 1834 nuri
466 1809 499 1835 et
530 1806 664 1845 argenti
693 1805 824 1836 dabitat
857 1805 991 1843 Liuius,
1031 1815 1101 1836 cum
1132 1816 1161 1835 zc.
1187 1815 1214 1838 s.
1249 1805 1468 1844 transcriptis
1499 1803 1581 1835 haec
1606 1804 1731 1834 addat:

208 1848 249 1879 In
278 1849 317 1882 L,
334 1848 502 1889 Scipione
529 1848 650 1880 malim
679 1850 845 1890 equidem
870 1849 1012 1881 librarii
1037 1849 1203 1880 mendum
1232 1859 1336 1890 quam
1363 1848 1592 1880 mendacium
1618 1848 1730 1889 scrip-

209 1893 297 1924 toris
328 1903 409 1924 esse
442 1894 477 1924 in
511 1904 649 1925 summa
683 1895 761 1925 auri
789 1898 897 1936 atque
927 1895 1082 1936 argenti.
1120 1894 1272 1926 similius
1299 1895 1394 1925 enim
1420 1894 1498 1924 ueri
1515 1896 1570 1925 est
1588 1892 1731 1934 argenti

209 1948 314 1978 quam
342 1939 422 1969 auri
449 1939 565 1971 maius
590 1939 732 1980 pondus
759 1939 884 1979 fuisse,
912 1942 948 1971 et
973 1940 1094 1980 potius
1120 1939 1367 1980 quadragiens
1387 1949 1493 1980 quam
1514 1938 1731 1970 ducentiens

210 1982 455 2024 quadragiens
483 1983 581 2015 litem
608 1984 854 2024 aestimatam,
882 1995 924 2015 eo
950 1985 1079 2026 magis,
1108 1984 1201 2026 quod
1229 1988 1356 2015 tantae
1375 1993 1535 2016 summae
1553 1983 1731 2014 rationem

210 2028 318 2059 etiam
345 2028 389 2058 ab
416 2029 494 2069 ipso
523 2030 561 2061 P.
589 2029 760 2070 Scipione
788 2030 1000 2071 requisitam
1034 2040 1115 2059 esse
1147 2031 1182 2059 in
1216 2034 1347 2060 senatu
1379 2028 1550 2066 tradunt,
1586 2028 1730 2059 librum-

209 2083 278 2114 que
312 2073 466 2104 rationis
501 2075 588 2110 eius,
616 2084 695 2105 cum
722 2075 874 2105 Lucium
909 2074 1057 2107 fratrem
1093 2074 1237 2104 adferre
1270 2074 1458 2113 iussisset,
1498 2073 1731 2114 inspectante

210 2124 339 2150 senatu
366 2119 441 2149 suis
466 2119 581 2160 ipsum
615 2119 780 2150 manibus
814 2119 1085 2159 concerpsisse,
1117 2118 1386 2160 indignantem,
1420 2117 1533 2159 quod,
1569 2127 1648 2149 cum
1675 2117 1732 2149 bis

209 2162 367 2195 milliens
394 2164 427 2194 iu
457 2168 621 2195 senatum
648 2164 846 2204 intulisset,
877 2163 1124 2205 quadragiens
1150 2164 1244 2194 ratio
1273 2164 1317 2195 ab
1346 2173 1383 2193 se
1411 2167 1635 2205 posceretur.

299 2241 326 2262 s.
362 2231 442 2262 Geli.
467 2231 523 2262 VI
546 2230 660 2270 (VII)
690 2233 740 2268 19,
766 2232 786 2263 8
814 2230 1024 2262 Valerius
1049 2233 1169 2262 autem
1196 2230 1353 2262 Antias
1383 2228 1527 2272 [ancias
1543 2228 1585 2272 li]
1606 2231 1732 2261 eontra

208 2275 304 2307 hane
338 2275 566 2307 decretorum
600 2277 807 2308 memoriam
842 2279 1037 2316 contraque
1070 2276 1311 2319 auctoritates
1343 2279 1510 2307 ueterum
1545 2274 1731 2306 annalium

209 2325 292 2360 post
318 2320 480 2352 AfrIcani
510 2318 695 2363 [affricani
726 2319 806 2361 VP]
837 2325 985 2352 mortem
1011 2321 1309 2353 intercessionem
1336 2321 1443 2351 istam
1470 2330 1533 2362 pro
1559 2319 1731 2361 Scipione

206 2366 373 2397 Asiatico
401 2366 536 2397 factam
563 2378 642 2398 esse
670 2378 690 2396 a
708 2366 852 2398 Tiberio
872 2365 1040 2397 Graccho
1066 2368 1216 2406 [graeco
1236 2365 1280 2405 Ιί]
1309 2365 1412 2404 dixit,
1439 2374 1555 2406 neque
1581 2363 1732 2395 multam

208 2411 405 2451 irrogatam
423 2412 600 2452 Scipioni,
618 2411 679 2443 sed
698 2410 932 2452 dampnatum
952 2421 1031 2442 eum
1055 2408 1185 2452 [meum
1202 2410 1230 2441 R
1250 2422 1281 2442 (ι,
1300 2409 1406 2451 eoru]
1427 2409 1618 2451 peculatus
1640 2406 1732 2450 [spe-

209 2455 351 2487 «alatus
373 2456 399 2486 Ιί
419 2456 634 2496 pecculatus
654 2455 704 2496 V]
723 2456 767 2487 ob
784 2455 1042 2487 Antiochinam
1066 2453 1304 2496 [autiochiam
1326 2456 1352 2486 Ιί
1378 2454 1603 2487 antiochiam
1620 2464 1730 2495 spser.

208 2511 228 2530 11
258 2498 306 2542 P]
344 2502 531 2540 pecuniam
561 2499 799 2542 [peccuniam
831 2499 902 2542 V],
938 2501 1022 2541 quia
1054 2498 1139 2541 [qui
1170 2498 1286 2539 VPR]
1323 2500 1476 2542 praedes
1504 2499 1654 2540 [predes
1681 2499 1730 2535 P]

209 2555 279 2576 non
305 2546 419 2581 daret,
449 2546 485 2576 in
513 2557 697 2577 carcerem
725 2546 809 2576 duci
836 2549 1000 2587 coeptum
1029 2542 1191 2587 [ceptum
1228 2546 1293 2576 VP
1320 2546 1452 2586 coeptu
1478 2546 1587 2575 altera
1614 2554 1633 2575 c
1656 2554 1731 2584 sup.

208 2602 226 2620 c
250 2600 315 2622 ser.
345 2587 389 2631 lt]
418 2594 527 2632 atque
555 2591 606 2622 ita
632 2590 883 2623 intercedente
911 2590 1076 2621 Graccho
1103 2593 1322 2631 exemptum.

324 2750 359 2785 7.
394 2750 583 2785 Aculeonis
619 2752 796 2786 Gelenius
855 2749 1036 2784 Culleonis
1070 2750 1239 2796 Moyzmt.
1388 2749 1451 2785 10.
1486 2749 1525 2784 A.
1559 2749 1645 2783 add.
1678 2758 1729 2784 ex

212 2806 376 2854 lloyunt.
524 2807 589 2842 13.
628 2806 793 2841 retulerit
823 2807 942 2842 Aldus
982 2816 1032 2841 ea:
1071 2806 1170 2853 Moy,
1233 2805 1402 2841 retulerat
1439 2806 1528 2842 libri
1565 2813 1643 2840 rec.

213 2864 272 2897 13.
308 2860 456 2911 Furius-'1
492 2862 527 2898 L.
562 2862 689 2898 Furius
720 2863 888 2910 Moymtl.
