1884 3213
632 194 872 227 VALERIVS
898 195 1075 228 ANTIAS
1447 203 1613 234 CCCXXI

92 311 224 349 meriti
265 311 362 354 sint,
403 309 639 347 Plutarchus
681 322 757 347 non
797 314 855 347 est
895 310 1103 347 inmemor.
1166 320 1269 347 unus
1308 310 1414 347 enim
1455 321 1500 346 ex
1541 308 1613 346 hae

91 383 206 429 gente
228 377 438 415 Romulum
472 382 510 414 et
530 377 684 415 'l'atium
716 389 830 427 reges
862 378 965 415 inter
996 390 1037 415 se
1069 377 1243 427 placauit
1266 378 1493 427 ειιιιίοιιςιμιιι
1525 375 1613 414 red-

92 446 193 484 didit
236 446 282 493 (c.
318 443 368 496 1).
430 444 657 495 Poplicolae
696 456 838 494 gener,
878 445 1104 483 Postumius
1141 444 1308 487 Balbus,
1357 446 1471 483 cuius
1512 443 1613 495 apud

91 514 188 551 alios
220 514 436 563 scriptores
476 511 646 551 obscura
679 517 739 550 est
773 513 982 556 memoria,
1030 514 1069 550 in
1118 512 1224 550 hello
1264 512 1333 551 illo
1374 511 1613 549 Sal'›in‹u·um

91 582 219 620 soceri
260 580 417 618 adiutor
455 585 510 618 est
545 592 805 631 magnamque
847 579 965 617 habet
1008 582 1047 618 in
1080 579 1282 630 praeclara
1325 581 1491 617 uictoria
1526 591 1612 629 paru

92 655 169 687 tem
203 648 249 698 (c.
283 646 373 700 22),
414 649 582 686 maxime
623 660 719 685 uero
759 648 932 689 Valeria.
973 647 1200 697 Poplicolae
1240 647 1338 691 tilia,
1379 660 1468 685 eum
1511 648 1615 685 inter

91 716 251 755 obsides
282 716 479 754 Porsenae
513 715 654 754 tradita
686 721 790 753 esset
825 714 912 765 (hoc
945 715 1105 765 quidem
1138 716 1255 753 etiam
1278 714 1490 765 Dionysius
1512 714 1540 751 V
1561 712 1615 751 32

92 784 254 835 rettulit)
288 789 325 821 et.
355 785 394 821 in
424 783 731 834 Tarquiniorum
764 783 930 821 insidias
960 782 1188 827 incidisset,
1228 787 1333 820 tanta
1362 784 1512 820 uirtute
1546 794 1614 819 usa

90 857 168 897 est,
203 857 243 890 ut
276 863 345 902 per
368 850 518 889 medios
550 851 682 889 hostes
714 851 888 889 feliciter
911 851 1098 889 euaderet
1130 855 1168 889 et
1200 850 1307 888 salua
1331 849 1378 888 ad
1411 862 1503 887 suos
1524 862 1613 900 per-

91 921 260 957 ueniret.
313 919 432 970 quid?
464 919 568 970 quod
600 919 779 957 Valerius
810 919 944 957 Antias
976 920 1029 956 ita
1061 930 1144 956 rem
1177 919 1407 969 exposuisse
1441 918 1612 958 uidetur.

92 993 156 1031 ut,
197 987 375 1025 Valeriae
408 986 534 1024 laudis
573 986 772 1036 augendae
810 988 956 1036 gratia,
990 986 1160 1024 Cloeliae
1193 987 1348 1024 facinus
1385 986 1500 1036 plane
1538 998 1614 1023 nou

92 1060 411 1093 emunei-noraret
444 1062 481 1092 et
513 1067 629 1105 quam
661 1056 785 1092 ceteri
819 1054 990 1093 Cloeliae
1022 1059 1192 1092 statuam
1224 1066 1310 1092 esse
1342 1053 1540 1097 dicebant,
1576 1054 1614 1090 in

91 1123 268 1160 Valeriae
303 1123 494 1160 honorem
534 1123 702 1172 positam
735 1134 820 1159 esse
853 1124 1033 1173 lingeret.
1084 1123 1135 1160 es.
1160 1133 1279 1172 supra
1312 1134 1350 1171 p.
1385 1120 1613 1158 CCCXVIII.

90 1195 199 1229 certe
232 1190 468 1228 Plutarchus
501 1194 636 1240 aperte
675 1190 847 1228 Cloeliae
881 1202 1023 1228 nomen
1056 1202 1103 1226 ex
1143 1190 1220 1227 alio
1250 1194 1411 1227 aucune
1444 1189 1609 1226 inseruit

93 1257 140 1307 (c.
171 1255 230 1295 19.
266 1257 346 1295 uid.
380 1258 429 1294 de
460 1258 566 1295 Plus.
595 1257 698 1303 sont.
733 1270 769 1308 p.
801 1255 856 1295 49
888 1257 974 1309 sq.).

203 1325 246 1363 In
280 1326 425 1362 ceteris
457 1326 552 1363 uitis
585 1326 660 1363 etsi
693 1325 756 1362 liic
791 1325 872 1363 illic
895 1324 1086 1375 quaedam
1120 1338 1163 1362 ex
1188 1324 1343 1362 Valerio
1366 1325 1521 1362 Antiate
1556 1324 1613 1361 in-

91 1395 231 1445 spersit
270 1392 323 1442 <iu
359 1394 428 1430 uit.
462 1392 574 1431 Rom.
608 1394 657 1431 sr.
691 1390 729 1430 3.
770 1391 884 1430 Num.
920 1394 967 1431 l'r.
1003 1390 1039 1430 7.
1080 1393 1130 1431 es.
1164 1392 1295 1430 adnot.
1330 1391 1375 1429 ad
1408 1394 1455 1430 fr.
1489 1389 1527 1429 G.
1569 1391 1615 1429 de

89 1463 180 1500 sort.
213 1461 324 1499 Rom.
350 1461 397 1498 fr.
425 1458 511 1511 12„
545 1466 675 1498 tamen
707 1461 944 1510 primarium
968 1461 1129 1503 ducem,
1162 1460 1267 1510 quod
1298 1461 1491 1503 sciamus,
1525 1471 1614 1497 eum

90 1541 281 1579 nusquam
314 1533 474 1566 secutus
505 1534 576 1566 est.
639 1540 765 1578 neque
804 1528 913 1566 deest
945 1540 1081 1571 causa,
1123 1540 1194 1566 eur
1234 1529 1273 1565 in
1306 1526 1452 1565 Valerii
1492 1528 1614 1577 potis-

90 1599 232 1635 ¹simum
266 1597 347 1634 uita
379 1594 643 1634 describenda
677 1608 767 1634 eum
799 1596 979 1646 elegerit.
1023 1596 1212 1633 nimirum
1245 1594 1428 1646 placebat
1460 1594 1613 1633 Plutar-

91 1664 164 1701 clio
196 1665 356 1715 copiosa
389 1663 454 1701 illa
487 1663 712 1713 Poplicolae
745 1664 919 1702 laudatio
961 1668 992 1701 et
1036 1663 1302 1713 praedicatio,
1342 1667 1385 1700 ut
1424 1663 1507 1713 ipse
1542 1662 1614 1699 luu-v

90 1731 225 1770 labore
258 1730 520 1782 supersedere
554 1736 698 1781 posset.
761 1732 826 1769 sed
860 1731 980 1769 lectio
1012 1732 1098 1768 eius
1129 1742 1249 1781 supra
1292 1731 1419 1780 prima
1453 1731 1509 1767 rei
1543 1741 1613 1780 pu-

93 1799 219 1837 blicae
252 1799 403 1837 liberae
436 1803 613 1849 tempora
648 1811 724 1836 non
761 1799 919 1837 uidetur
951 1811 1036 1837 esse
1068 1810 1297 1849 progressa,
1338 1810 1426 1836 nam
1461 1799 1499 1835 in
1534 1799 1613 1835 uita

89 1867 168 1904 'riti
208 1866 420 1904 Flaminini
463 1864 565 1913 (adn.
607 1866 653 1905 ad
694 1864 864 1917 11:48),
914 1865 981 1904 ubi
1019 1866 1218 1905 Valerium
1262 1870 1401 1904 testem
1448 1867 1612 1916 profert.

90 1946 167 1972 uon
200 1935 327 1984 ipsum
360 1935 532 1984 inspexit
564 1934 631 1972 sed
664 1935 750 1972 eius
783 1946 925 1972 nomen
959 1946 1005 1972 ex
1036 1934 1152 1972 Liuio
1184 1934 1386 1972 transtulit
1420 1930 1481 1981 (de
1512 1934 1613 1971 Plus.

85 2001 188 2048 font.
223 2014 260 2052 p.
293 1999 348 2052 4).

203 2068 400 2106 Similiter
430 2069 471 2106 Α.
497 2068 690 2106 Gellius
721 2070 888 2107 Antiatis
913 2070 1139 2107 testimonia
1164 2070 1306 2119 partim
1339 2081 1382 2107 ex
1416 2069 1500 2118 ipso
1523 2080 1612 2118 par-

93 2138 163 2174 tim
204 2149 246 2173 ex
290 2136 378 2173 aliis
418 2135 685 2186 scriptoriluis
728 2138 943 2174 inseruisse
983 2136 1155 2175 uidetur.
1218 2137 1279 2175 uel
1321 2136 1466 2174 leuiter
1507 2137 1613 2173 enim

91 2203 377 2253 contemplanti
417 2215 554 2241 eorum
594 2203 810 2242 discrimen
850 2204 1030 2254 adparet,
1078 2216 1167 2241 cum
1208 2204 1282 2242 alia
1323 2215 1457 2241 rerum
1497 2215 1611 2240 eausa

93 2270 287 2308 librorum
321 2271 496 2308 numeris
528 2272 686 2308 omissis
726 2270 789 2320 (fr.
826 2270 861 2308 1.
894 2268 960 2308 21.
993 2268 1059 2308 25.
1093 2271 1181 2308 adn.
1215 2270 1260 2309 ad
1295 2272 1342 2309 sr.
1375 2268 1495 2321 45³),
1537 2269 1612 2307 alia

95 2343 257 2388 propter
289 2338 457 2375 formam
479 2338 647 2389 aliquam
672 2338 858 2376 adcurate
881 2350 972 2375 cum
995 2337 1190 2376 librorum
1213 2339 1390 2376 numeris
1412 2338 1613 2387 descripta

92 2407 170 2443 sint
203 2403 265 2454 (sr.
298 2402 364 2442 57.
404 2402 471 2442 09.
510 2402 576 2442 60.
618 2403 684 2443 62.
724 2403 805 2457 (55).
868 2405 963 2443 llaec
1004 2410 1133 2443 tamen
1174 2405 1379 2455 diligentia
1420 2416 1497 2442 uon
1538 2405 1613 2441 l'uit

92 2473 224 2517 Gellii,
258 2472 324 2510 sed
347 2471 495 2509 Valerii
518 2471 662 2516 Prohig
687 2485 731 2510 ex
765 2473 879 2510 euius
912 2470 1081 2523 lilJris¹),
1115 2474 1303 2523 quoniam
1325 2484 1447 2510 unum
1481 2482 1611 2508 exem-

94 2539 198 2590 plum
234 2538 295 2590 (fr.
327 2536 393 2588 57)
428 2551 468 2576 se
500 2540 715 2589 sumpsisse
748 2541 831 2589 ipse
864 2540 1073 2589 profitetur
1105 2540 1276 2583 Gellius,
1309 2540 1427 2576 etiam
1460 2537 1612 2587 reliqua

92 2606 137 2643 ad
171 2619 259 2644 eum
292 2607 444 2644 referre
476 2618 553 2644 non
586 2605 834 2649 dubitamus,
868 2608 1102 2657 praesertim
1136 2620 1225 2645 cum
1258 2606 1334 2643 duo
1369 2603 1446 2653 (130.
1471 2602 1536 2655 62)
1572 2605 1611 2641 in

93 2673 227 2711 eadem
260 2672 530 2723 exemplorum
566 2673 802 2711 collectione
836 2672 1064 2717 (formarum
1093 2675 1277 2721 peposei.
1316 2671 1527 2719 momordi,
1560 2672 1611 2708 si-

184 2828 208 2870 ¹)
241 2830 295 2860 Ex
327 2839 394 2870 quo
425 2827 518 2859 libro
550 2828 658 2860 Probi
690 2828 824 2860 hausta
848 2833 988 2870 essent,
1022 2828 1163 2861 Gellius
1196 2837 1265 2859 non
1293 2827 1501 2868 adscripsit..
1552 2827 1610 2858 uix

93 2887 215 2915 tamen
240 2884 412 2925 Berytius
437 2883 598 2915 Antiatis
624 2886 908 2917 conmentarium
935 2884 1136 2926 conposuit.

162 2945 275 2976 l‘ffl'Eu,
296 2945 375 2969 Hist.
396 2944 480 2968 Rom.
502 2944 566 2968 rell,
606 2945 627 2968 I.
1300 2952 1337 2982 *21
