1884 3213
704 180 742 215 G.
769 180 959 213 ACILIVS
1486 190 1597 220 CXXI

75 297 213 336 Cicero
231 296 294 346 (l'r.
315 295 368 349 3),
392 296 604 346 Dionysius
627 293 694 346 (6),
728 295 871 333 Strabo
895 293 963 345 (1),
998 296 1235 334 Plutarchus
1255 294 1321 347 (2).
1356 296 1495 334 Liuius
1519 308 1595 334 non

75 367 203 416 ipsum
235 364 417 404 adhibuit
447 364 513 401 scd
547 364 751 403 Claudium
783 363 991 414 quendam,
1025 365 1108 415 ‘qui
1131 364 1293 402 annales
1315 364 1516 402 Acilianos
1548 377 1591 402 ox

75 434 225 472 Graeco
248 435 286 472 in
308 433 491 471 Latinum
515 432 667 470 uertit’.
710 431 756 468 de
779 444 855 482 quo
878 431 1041 470 Claudio
1068 432 1106 470 id
1131 445 1252 470 unum
1274 444 1347 482 pro
1369 438 1478 470 certo
1501 434 1594 483 poni

73 505 214 553 potest,
234 514 324 539 eum
341 513 419 539 non
434 501 557 538 fuisse
575 499 882 549 Quadrigarium
903 498 997 549 (uid.
1017 502 1120 538 inl'ra
1142 500 1189 537 de
1209 512 1245 537 u.
1266 504 1304 538 et
1321 511 1397 537 scr.
1417 500 1593 551 otradiz).

74 569 139 607 sed
171 573 330 620 praeter
362 581 429 606 eos
461 567 559 606 duos
591 568 710 611 locos,
745 567 813 605 ubi
846 568 994 605 diserte
1026 567 1072 605 ad
1105 568 1191 605 cius
1214 569 1492 606 auctoritatem
1525 581 1595 605 nos

74 636 266 687 relegauit
296 636 456 680 Liuius,
497 637 614 674 ctiam
646 635 737 673 aliis
769 636 868 673 locis
901 648 987 673 eam
1022 636 1140 673 tacite
1173 648 1258 673 esse
1291 640 1450 674 secutus
1483 636 1593 674 uide-

73 709 148 748 tur,
183 708 224 741 ut
257 703 359 741 XXII
391 701 457 747 61,
488 702 515 742 5
546 704 638 742 ‘alia
672 704 802 745 sama',
836 716 952 754 quam
985 703 1031 741 dc
1055 704 1227 754 captiuis
1259 704 1424 753 profert,
1459 704 1595 741 cadem

72 776 130 809 est
175 784 290 822 quam
337 784 382 809 ex
413 772 540 810 Acilio
582 771 827 822 deprompsit
868 771 1006 809 Cicero
1047 768 1108 819 (fr.
1142 769 1168 809 3
1199 772 1303 809 conf.
1344 771 1516 822 adnot.)‚
1558 776 1588 808 et

74 839 212 877 XXIIII
249 837 310 881 18,
346 839 412 877 ubi
446 839 580 877 eadem
614 851 677 876 res
708 840 896 888 tangitur,
931 839 1026 877 haec
1059 839 1153 883 sola,
1188 844 1385 889 tamquam
1409 841 1441 877 si
1476 839 1593 876 aliam

74 920 150 946 non
182 908 373 951 uouisset,
407 907 455 945 ab
488 919 533 945 eo
566 908 810 957 agnoscitur.
873 906 972 944 Num
1013 907 1081 944 alii
1119 911 1185 944 aut
1227 908 1263 944 ci
1296 920 1394 957 quos
1434 920 1592 944 comm·—

73 977 245 1019 moraui,
286 976 503 1025 scriptores
535 974 626 1013 aliis
658 975 756 1012 locis
789 974 860 1012 hoc
893 976 1000 1013 sonte
1043 976 1103 1012 usi
1143 976 1240 1018 sint,
1285 976 1482 1013 incertum
1523 980 1592 1013 cst.

72 1056 160 1081 nam
200 1057 246 1081 co
285 1043 367 1080 solo
406 1043 512 1086 loco,
560 1056 636 1093 quo
676 1042 912 1080 Plutarchus
960 1044 1000 1081 in
1039 1043 1205 1081 Flamin.
1246 1040 1297 1079 21
1342 1055 1430 1080 cum
1479 1042 1593 1080 (Elau-

71 1111 136 1149 dio
168 1110 346 1149 Aciliano
388 1110 449 1160 (t'r.
482 1107 521 1161 5)
562 1112 783 1155 consentit,
825 1123 903 1148 non
952 1111 1122 1149 Acilium
1164 1116 1254 1148 ante
1287 1110 1424 1148 oculos
1457 1109 1588 1147 habuit

70 1179 137 1216 sed
176 1178 385 1227 Polybium
430 1176 494 1216 (ct'.
541 1177 699 1223 chellen
737 1179 775 1216 d.
822 1179 923 1215 Plut.
965 1191 1000 1229 p.
1041 1175 1106 1217 85.
1170 1178 1311 1216 Nissen
1356 1179 1591 1221 Unlersuclt.

70 1260 104 1297 p.
138 1243 244 1297 169).

182 1314 510 1363 Fragmentorum
558 1326 723 1351 numero
769 1315 942 1364 primum
995 1313 1219 1352 addidimus
1265 1326 1308 1351 ex
1363 1315 1594 1351 coniectura

70 1381 311 1431 Schwegleri
352 1381 380 1425 (I
412 1394 449 1431 p.
482 1379 563 1432 80).
634 1380 729 1419 libri
769 1383 873 1420 enim
917 1382 988 1419 hoc
1029 1382 1237 1419 Strabonis
1276 1381 1364 1420 loco
1403 1381 1592 1419 exhibent

69 1454 134 1487 aut
165 1443 189 1487 ὅ
218 1461 267 1498 γε
299 1444 451 1494 κύλιος
483 1449 619 1499 (Paris.
643 1446 762 1487 1393.
799 1450 888 1487 Ven.
922 1448 1018 1499 377)
1053 1454 1118 1487 aut
1151 1443 1172 1485 ὁ
1204 1447 1406 1494 κεκύλιος
1438 1449 1590 1499 (Medic.

69 1516 222 1554 XXVIII
253 1514 306 1565 5),
355 1516 423 1554 ubi
462 1522 716 1567 posteaquam
756 1517 824 1555 alii
856 1517 930 1555 alia
963 1518 1237 1561 coniecerunt,
1272 1518 1434 1555 (lramcr
1476 1522 1591 1567 atque

67 1584 268 1627 Meineke,
319 1585 527 1622 nouissimi
575 1583 783 1623 Strabonis
830 1585 1024 1628 editores,
1068 1585 1130 1622 Fr.
1173 1585 1423 1623 Lachmanno
1465 1583 1525 1634 (de
1566 1587 1589 1622 1.

68 1651 108 1689 L.
142 1651 157 1689 I
190 1664 227 1702 p.
260 1649 327 1702 30)
361 1651 517 1689 adsensi
549 1646 572 1688 ὅ
599 1664 649 1702 γε
681 1650 860 1697 Κοίλιος
892 1654 931 1690 in
965 1658 1193 1691 contextum
1226 1658 1480 1703 recelwrunt.
1524 1652 1590 1690 scd

69 1724 177 1757 recte
222 1720 376 1757 monuit
424 1719 651 1769 Schwegler
697 1725 734 1757 et
778 1733 798 1757 a
843 1720 977 1758 Coelio
1025 1719 1151 1758 solum
1201 1720 1349 1758 bellum
1397 1721 1592 1758 I‘unicum

69 1792 295 1825 enarratum
344 1799 446 1829 esse,
499 1792 540 1825 ut
578 1788 679 1825 unde
719 1789 767 1825 fr.
810 1787 907 1825 illud
946 1792 1145 1838 sumptum
1187 1793 1312 1832 esset,
1360 1790 1472 1826 cerni
1513 1800 1590 1826 non

69 1860 222 1904 posset,
274 1861 311 1891 et
351 1867 370 1891 a
409 1853 604 1893 Strabone
652 1856 853 1893 neminem
893 1860 1096 1894 auctorem
1143 1856 1327 1894 Latinum
1368 1856 1590 1894 adhibitum

70 1934 168 1959 esse.
246 1927 284 1959 at
330 1915 354 1959 ὅ
396 1933 445 1971 γε
489 1916 689 1967 Ἀκύλιος
733 1923 989 1961 conmendari
1038 1928 1074 1961 et
1122 1936 1163 1962 re
1217 1936 1315 1974 quae
1364 1921 1437 1962 hoc
1485 1925 1590 1973 frag-

69 1994 201 2027 mento
248 1994 532 2039 exponeretur,
579 1991 765 2040 quoniam
814 1992 930 2029 etiam
980 1992 1028 2028 tr.
1070 1989 1096 2028 2
1143 1991 1314 2029 Acilium
1364 1991 1467 2029 ultra
1514 1992 1589 2029 Ro-

70 2069 171 2094 mam
202 2056 399 2094 conditam
439 2068 663 2106 regressum
704 2070 788 2096 esse
828 2058 1041 2108 probatur,
1083 2065 1120 2096 et
1160 2060 1359 2109 scriptura
1392 2058 1588 2100 codicum,

69 2137 158 2162 nam
191 2125 309 2162 etiam
342 2124 446 2162 XIIII
482 2123 516 2166 1,
549 2121 603 2163 38
634 2138 671 2176 p.
696 2121 777 2162 646
808 2138 879 2176 per
911 2138 938 2163 υ
970 2126 1114 2164 Strabo
1147 2127 1184 2164 id
1218 2139 1361 2164 nomen
1393 2127 1569 2176 scripsit.

161 2191 356 2242 *Denique
387 2191 550 2230 Vossius
583 2192 629 2231 de
662 2193 802 2230 histor.
836 2204 894 2243 gr.
928 2206 963 2243 p.
1001 2192 1079 2232 113
1112 2206 1151 2232 se
1184 2207 1263 2232 non
1304 2193 1441 2231 uidere
1475 2193 1588 2235 dicit,

69 2271 139 2297 cur
171 2258 291 2297 alium
321 2259 491 2297 Acilium
523 2261 723 2298 existimet
754 2273 864 2303 eum,
899 2262 1012 2299 cuius
1045 2261 1269 2299 etabulam’
1311 2262 1454 2299 Atilius
1494 2262 1588 2299 For-

70 2327 297 2364 tunatianus
328 2339 364 2376 p.
398 2323 508 2364 2680
538 2327 579 2365 P.
613 2329 722 2371 citet,
756 2333 871 2379 atque
904 2328 1115 2366 Krausium
1149 2328 1266 2367 habet
1306 2330 1346 2366 in
1386 2329 1457 2367 hac
1490 2342 1587 2379 quo-

69 2406 143 2444 que
182 2405 225 2431 re
272 2394 452 2443 quamuis
499 2406 588 2432 cum
634 2394 881 2433 dubitatione
928 2403 1172 2447 sequentem.
1242 2397 1310 2434 sed
1357 2396 1589 2433 dormitauit

69 2460 165 2498 haec
197 2459 378 2498 scribens
409 2462 472 2498 uir
504 2461 569 2499 ille
602 2461 868 2501 doctissimus.
930 2463 1162 2515 deprompta
1195 2465 1301 2501 enim
1341 2468 1433 2501 sunt
1464 2462 1589 2500 uerba

7 2552 15 2559 -
70 2527 185 2565 Acilii
231 2539 275 2565 ex
328 2529 588 2578 inscriptione
634 2529 797 2579 quadam
853 2531 959 2574 eius,
1006 2544 1105 2582 quae
1155 2530 1341 2569 uersibus
1389 2530 1587 2568 Saturniis

70 2594 228 2632 condita
274 2599 376 2632 erat:
424 2594 474 2632 In,
514 2596 634 2634 Acilii
670 2598 898 2635 Glabrionis
936 2599 1096 2637 tabula.-

239 2660 389 2699 Fzmdz't
414 2661 539 2709 suqat
562 2663 781 2711 prosle'rm‘c
810 2687 865 2691 —
894 2664 1094 2704 ma'sce'mas
1124 2665 1310 2713 lefsio'nes.

70 2727 109 2765 id
141 2727 243 2777 quod
276 2729 471 2766 neminem
505 2730 629 2778 fugiet
659 2732 727 2781 qui
759 2731 1031 2770 fortunatiani
1066 2732 1188 2770 uerba
1220 2745 1317 2781 quae
1350 2732 1582 2771 antecedunt

70 2794 234 2845 legerit,
273 2794 342 2832 uhi
382 2794 529 2833 diserte
567 2808 607 2833 se
640 2799 817 2849 exempla
849 2799 1039 2851 quaedam
1085 2811 1274 2836 uersuum
1306 2799 1585 2838 Saturniorum

71 2874 116 2899 ex
149 2861 482 2913 inscriptionibus
512 2863 758 2914 prolaturum
789 2878 873 2904 esse
906 2866 1080 2904 dixerat:
1124 2866 1242 2915 Apud
1271 2870 1428 2905 nostros
1456 2872 1586 2906 autem
