1884 3213
510 767 570 819 P.
614 762 937 820 RVTILIVS
978 764 1201 821 RVFVS

200 913 242 952 P.
282 913 459 952 Rutilius
496 912 644 955 Rufus,
696 911 764 961 qui
808 910 915 949 nulla
959 912 1197 949 auctoritate
1236 912 1356 962 uulgo
1398 911 1529 962 (etiam
1572 914 1612 951 in

88 986 282 1020 onomast.
317 980 454 1032 Orell.)
497 979 563 1030 Sp.
603 979 629 1016 f.
671 977 736 1029 Sp.
777 989 816 1019 n.
857 977 1016 1023 dicitur,
1058 980 1231 1029 primum
1273 979 1482 1023 inclaruit,
1524 992 1614 1018 cuni

89 1048 274 1087 tribunus
305 1048 477 1087 militum
510 1052 613 1085 esset
646 1047 686 1084 in
709 1046 911 1097 Scipionis
943 1048 1124 1085 exercitu
1156 1047 1203 1085 ad
1225 1047 1477 1086 Numantiam
1502 1045 1613 1099 (App.

86 1115 224 1154 Hiber.
258 1113 325 1155 88.
359 1116 440 1154 Cic.
476 1115 522 1153 de
553 1126 636 1164 rep.
671 1113 685 1151 I
720 1112 790 1158 11,
827 1111 906 1165 17).
958 1118 1041 1152 tum
1073 1114 1225 1164 legatus
1257 1120 1340 1153 erat
1372 1115 1415 1161 Q.
1450 1115 1616 1154 Caecilii

87 1183 237 1222 Metelli
269 1183 445 1221 consulis
485 1184 525 1220 in
565 1181 669 1220 hello
702 1180 938 1231 Iugurthino
981 1179 1027 1231 (a.
1064 1178 1156 1219 109.
1189 1179 1298 1234 645).
1352 1182 1419 1220 sed
1452 1195 1484 1221 a.
1521 1180 1613 1221 107.

87 1249 167 1289 647
200 1251 449 1289 consulatum
481 1254 620 1301 petens
653 1248 836 1298 repulsus
867 1253 926 1286 est
958 1261 977 1286 a
1010 1248 1160 1287 Scauro
1192 1254 1307 1300 atque
1340 1250 1487 1288 frustra
1520 1262 1614 1288 con-

87 1319 260 1369 petitore
293 1317 466 1356 ambitus
498 1329 566 1355 reo
599 1318 703 1355 sacto
736 1328 820 1353 eam
854 1315 1052 1366 repulsam
1085 1316 1226 1355 ulcisci
1258 1322 1424 1355 conatus
1456 1322 1515 1355 est
1548 1315 1613 1366 (cf.

86 1397 203 1436 supra
228 1398 264 1436 p.
285 1383 455 1433 CCLVI).
489 1384 633 1423 melius
656 1385 691 1422 ei
715 1395 778 1421 res
800 1384 921 1422 cessit
943 1385 1064 1422 tertio
1087 1396 1189 1422 anno
1209 1389 1308 1435 post,
1332 1397 1408 1435 quo
1431 1396 1522 1422 cum
1545 1384 1614 1423 Cn.

87 1453 219 1491 Mallio
252 1465 341 1491 eum
374 1453 566 1491 honorem
598 1451 765 1502 adeptus
797 1455 868 1489 est.
931 1450 1076 1502 quibus
1114 1451 1305 1501 gradibus
1344 1451 1390 1489 ad
1431 1451 1614 1490 consula-

86 1526 172 1559 tum
204 1520 450 1565 ascenderit,
485 1521 733 1570 ignoramus,
768 1517 865 1557 illud
896 1531 1018 1557 unum
1051 1524 1160 1557 certo
1183 1520 1411 1569 accepimus
1435 1518 1529 1569 (Cic.
1552 1532 1613 1570 pr.

87 1587 219 1627 Plane.
253 1584 328 1632 21,
359 1584 450 1639 52),
493 1600 582 1626 eum
623 1588 663 1625 in
702 1585 911 1626 tribunatu
953 1585 1124 1638 petendo
1164 1587 1362 1638 repulsam
1401 1587 1614 1637 accepisse.

87 1668 204 1707 quam
246 1654 295 1693 oh
335 1667 420 1693 rem
459 1655 541 1693 noli
581 1654 696 1692 fidem
737 1653 885 1692 habere
926 1656 1003 1698 eis,
1044 1667 1143 1705 quae
1182 1654 1285 1705 apud
1325 1654 1535 1705 plerosque
1568 1654 1615 1692 de

86 1723 226 1761 Rutilii
258 1727 490 1773 quaestura,
523 1721 753 1766 tribunatu,
785 1727 971 1772 praetura
1004 1721 1222 1760 secundum
1254 1721 1438 1772 Pighium
1471 1721 1614 1759 decan-

86 1795 166 1829 tata
200 1790 311 1840 legis
372 1789 426 1827 De
459 1791 544 1840 ipso
577 1794 708 1827 tamen
740 1789 949 1827 consulatu
981 1801 1178 1840 perpauca
1219 1790 1437 1827 memmiae
1472 1789 1614 1827 tradita

87 1863 189 1896 sunt
252 1869 342 1896 nam
381 1868 473 1895 cum
505 1856 573 1895 Cn.
605 1855 762 1894 Mallius
800 1857 953 1932 collega
992 1869 1068 1895 una
1109 1868 1199 1895 eum
1236 1856 1281 1902 Q
1315 1856 1489 1895 Seruilio
1521 1857 1615 1895 Cae·

87 1927 206 1977 pione
238 1924 477 1975 proconsule
511 1925 550 1962 in
575 1923 700 1963 Gallia
732 1901 950 1962 infelieitei
982 1928 1119 1962 contla
1144 1923 1325 1962 Cimbros
1357 1929 1395 1962 (t
1416 1924 1616 1963 Teutonos

87 2004 241 2044 pugnai
246 1998 303 2036 et
337 1993 421 2043 ipse
454 1993 495 2030 in
517 1991 628 2030 Italia
653 1993 892 2030 remansisse
924 1991 1085 2030 uidetur
1117 1996 1168 2035 et,
1202 2004 1292 2030 eum
1325 2004 1502 2030 summus
1533 2004 1614 2030 me-

88 2064 151 2098 tus
171 2060 441 2098 Romanorum
473 2060 646 2103 animos,
681 2071 729 2098 ne
762 2059 950 2098 Germani
981 2059 1100 2110 Alpes
1125 2060 1363 2108 transgressi
1396 2061 1438 2097 in
1460 2059 1614 2097 Italiam

88 2127 396 2171 descenderent,
431 2128 664 2171 inuasisset,
705 2138 851 2164 nouum
891 2127 1111 2165 exercitum
1147 2128 1387 2177 conscripsit
1421 2125 1613 2176 (Frontin.

89 2199 249 2244 strateg.
282 2193 354 2232 IIII
387 2192 420 2238 1,
456 2191 520 2245 12)
554 2193 805 2244 militumque
838 2195 990 2232 animos
1023 2195 1075 2231 ita
1109 2194 1344 2232 confirmare
1377 2193 1541 2239 studuit„
1573 2199 1616 2232 ut

88 2261 352 2312 gladiatorum
374 2260 607 2300 doctoribus
629 2261 676 2299 (le
699 2261 791 2299 ludo
815 2261 882 2299 Cn.
903 2261 1054 2299 Aurelii
1078 2261 1217 2300 Scauri
1240 2262 1439 2299 arcessitis
1464 2261 1615 2300 uitandi

90 2334 206 2380 atque
246 2328 444 2367 inferendi
475 2330 577 2368 ictus
608 2328 818 2367 subtiliore
850 2330 1004 2367 ratione
1036 2329 1214 2378 legiones
1247 2328 1433 2367 inbueret
1468 2327 1610 2378 (Valer.

90 2397 188 2435 Max.
222 2396 256 2435 Il
286 2395 332 2441 3,
365 2394 419 2447 2).
470 2402 674 2447 praeterea
707 2401 802 2435 tunc
835 2398 921 2435 eius
953 2397 1146 2447 auspiciis
1178 2396 1265 2435 data
1298 2402 1355 2434 est
1388 2395 1616 2434 Puteolanis

92 2464 152 2503 lex
176 2465 332 2514 pariete·
354 2463 547 2510 faciendo
585 2466 625 2502 in
665 2474 763 2501 area
795 2474 897 2512 quae
935 2469 991 2501 θεῖ
1027 2469 1120 2502 ante
1158 2464 1296 2501 aedem
1327 2463 1476 2512 Serapi
1503 2468 1616 2500 lrcms

91 2533 217 2578 uiam,
251 2543 349 2582 quae
382 2532 501 2569 etiam
535 2543 638 2570 nunc
661 2535 787 2569 exstat
819 2532 860 2569 in
892 2530 1023 2581 lapide
1055 2532 1197 2569 incisa.
1224 2544 1284 2581 ap.
1308 2530 1538 2568 Mommsen.
1573 2530 1613 2567 in

92 2599 132 2637 C.
166 2598 193 2637 Ι.
226 2598 268 2636 L.
301 2598 317 2636 I
349 2611 385 2648 p.
421 2596 499 2637 163
530 2611 567 2637 n.
600 2596 696 2637 577.
1628 2591 1630 2594 ’

202 2665 250 2703 Vt
279 2677 376 2703 uero
407 2677 479 2716 per
510 2671 631 2704 totam
664 2667 807 2709 uitam,
843 2667 894 2704 ita
926 2667 1044 2705 etiam
1077 2678 1108 2703 a.
1138 2662 1229 2703 100.
1253 2661 1335 2703 654
1367 2668 1527 2702 senatus
1558 2667 1614 2701 at-

91 2746 167 2785 que
201 2731 422 2771 nobilitatis
451 2734 727 2771 auctoritatem
750 2733 930 2772 defendit
962 2738 1000 2771 et
1032 2745 1123 2771 cum
1146 2732 1295 2770 Scauro
1318 2736 1454 2769 contra
1478 2730 1614 2769 Satur-

94 2802 231 2838 ninum
264 2811 371 2838 arma
410 2800 514 2849 cepit
553 2797 647 2850 (Cic.
688 2812 759 2850 pro
790 2800 887 2838 Rah.
920 2799 1030 2850 perd.
1071 2812 1102 2836 r.
1143 2796 1179 2842 7,
1212 2795 1294 2849 21).
1356 2797 1488 2848 paullo
1528 2802 1616 2848 post

98 2879 145 2917 tc.
170 2880 203 2905 a.
227 2863 294 2905 98.
317 2863 410 2917 656)
444 2866 595 2916 legatus
617 2866 662 2912 Q.
684 2866 858 2905 Mucium
880 2866 1110 2905 Scaeuolam
1142 2866 1371 2916 pontificem
1404 2862 1467 2915 (cs.
1492 2864 1614 2904 Orell.
