1884 3213
244 170 321 211 144
855 168 1155 210 RELLIQVIAE

238 286 384 335 captiui
423 296 517 322 eun]
560 283 960 334 Carthaginiensibus
1003 288 1350 334 permutarentur,
1393 283 1432 322 id
1464 296 1622 336 quoque
1654 283 1764 323 addi-

240 353 358 396 disse,
395 364 595 390 uenenum
627 351 703 389 sibi
730 351 1081 402 Carthaginienses
1113 351 1288 395 dedisse,
1323 363 1399 389 non
1432 353 1763 403 praesentarium.

240 421 308 457 sed
340 422 425 458 eins
458 419 565 458 modi
596 419 700 470 qnod
733 424 902 458 mortem
944 420 983 457 in
1016 419 1120 457 diem
1153 420 1373 470 proferret,
1415 432 1460 458 eo
1493 420 1682 465 consilio,
1723 425 1766 457 ut

241 490 397 527 uiueret
436 487 597 538 quidem
635 488 832 538 tantisper
871 487 1001 538 quoad
1049 487 1162 525 fieret
1200 488 1463 538 permutatio,
1510 493 1598 539 post
1635 492 1767 526 autem

239 561 444 606 grassante
484 556 632 593 sensim
672 567 828 593 ueneno
871 554 1190 593 contabesceret.
1250 554 1431 593 Eundem
1462 555 1657 605 Regulum
1688 555 1798 596 'ru-5

243 624 339 662 bero
372 625 413 661 in
444 623 624 661 historiis
656 622 807 661 redisse
840 622 1121 672 Carthaginem
1153 623 1347 673 nouisque
1379 623 1653 674 exemplorum
1684 635 1766 661 mo-

242 692 303 730 dis
326 692 601 729 excruciatum
625 703 644 729 a
663 690 807 728 Poenis
829 690 939 728 dicit.
962 723 1016 725 ᾔ
1033 689 1255 728 Tuditanus
1277 697 1406 728 autem
1430 703 1567 729 somno
1585 690 1653 729 diu
1676 702 1766 741 pro-

244 759 415 797 hibitum
449 764 564 810 atque
598 760 651 797 ita
684 759 765 796 uita
798 759 1000 809 priuatum
1034 759 1172 802 refert,
1205 757 1324 808 idque
1356 757 1426 796 ubi
1450 758 1597 797 Romae
1631 759 1766 807 cogni-

244 833 326 865 tum
360 832 430 869 est,
464 826 737 865 nobilissimos
762 825 989 864 Poenorum
1021 827 1201 876 captiuos
1231 825 1372 864 liberis
1402 826 1544 875 Reguli
1577 838 1597 863 a
1629 831 1767 863 senatu

243 895 398 933 deditos
421 900 459 932 et
491 893 539 932 ab
572 894 634 932 his
666 895 707 932 in
736 895 910 931 armario
933 893 1155 932 muricibus
1177 894 1353 944 praefixo
1376 893 1588 932 destitutos
1610 892 1765 931 eadem·
1785 910 1817 934 10

243 976 318 1014 que
352 963 551 1001 insomnia
584 962 785 1000 cruciatos
817 963 1019 1000 interisse.

243 1146 329 1186 iuge
357 1147 392 1175 et
417 1143 543 1174 liberis
570 1141 829 1183 Carthaginem
862 1152 1069 1184 regressus,
1097 1142 1159 1173 ubi
1185 1142 1221 1173 in
1247 1152 1369 1173 arcam
1395 1140 1555 1183 ligneam
1582 1142 1770 1173 coniectus

245 1190 361 1221 clauis
394 1191 588 1220 introrsum
621 1188 766 1219 adactis
797 1187 938 1229 uigiliis
966 1198 1007 1218 ac
1041 1187 1163 1219 dolore
1198 1188 1346 1229 punitus
1380 1191 1444 1221 est.
1493 1192 1628 1219 mortem
1654 1187 1771 1228 Reguli

242 1237 396 1267 similiter
421 1234 604 1265 exornandi
629 1233 725 1274 App.
752 1233 819 1264 Sia
846 1234 876 1264 2.
903 1233 1020 1274 Libye.
1045 1235 1076 1264 4.
1125 1234 1219 1274 apud
1243 1233 1411 1264 Ζο777777777ι
1436 1232 1557 1272 (VIII
1585 1234 1625 1264 15
1647 1233 1768 1273 p.157

244 1281 332 1313 Bon
368 1281 411 1320 ef.
438 1281 537 1311 Dion
561 1280 609 1319 f7¹.
634 1280 690 1319 43,
717 1278 789 1331 28.)
820 1278 1006 1310 Zabemm's
1030 1284 1062 1310 el
1092 1278 1251 1309 Tuditani
1275 1280 1503 1310 7m77¹ali07zem
1528 1279 1771 1309 contaminatas

244 1326 419 1357 habemus.-
451 1319 473 1366 ἡ
500 1323 680 1380 γερουσία
706 1319 748 1355 δὲ
779 1322 846 1365 τῆς
871 1318 1020 1356 ἐκείνου
1054 1322 1242 1366 σωτηρίας
1274 1320 1404 1355 ἕνεκεν
1428 1335 1494 1355 και
1519 1317 1589 1365 τήν
1615 1316 1769 1374 εἰρήνην

244 1366 485 1421 ποιήσασθαι
511 1368 575 1401 καὶ
603 1364 691 1406 τοὺς
718 1364 982 1421 αἰχμαλώτους
1008 1364 1235 1400 ἀντιδοῦναι
1253 1363 1533 1418 προτεθύμητο.
1567 1377 1683 1421 γνους
1701 1377 1771 1400 ουν

245 1427 356 1448 τουτο
383 1410 518 1455 αὐτὸς,
547 1414 612 1446 ἵνα
637 1410 687 1456 μή
715 1409 755 1446 τὸ
784 1411 981 1465 συμφέρον
1006 1407 1058 1445 δι
1088 1409 1206 1446 αὐτὸν
1239 1410 1548 1465 καταπρόωνται,
1571 1407 1770 1463 ἐπλάσατο

244 1459 463 1494 πεπωκέναι
492 1456 695 1512 φάρμακον
717 1455 953 1512 δηλητήριον
984 1457 1048 1491 καὶ
1081 1456 1232 1510 μέλλειν
1262 1456 1413 1496 ποὶντως
1447 1453 1503 1490 δι
1532 1451 1650 1490 αυτοῦ
1677 1453 1770 1489 oino-

247 1506 395 1539 λέσθαι.
431 1504 495 1538 καὶ
516 1515 603 1538 ουτε
629 1500 651 1547 ἡ
680 1499 864 1546 σύμβασις
889 1501 1048 1546 γέγονεν
1073 1497 1161 1536 οὔτε
1180 1503 1254 1536 τῶν
1280 1500 1538 1554 αἰχμαλώτων
1569 1498 1590 1545 ἡ
1618 1496 1773 1556 αμοιβή.

247 1547 429 1589 (ἐπιόντος
461 1547 501 1583 δ’
536 1545 654 1583 αὐτοῦ
686 1547 756 1582 σὺν
793 1553 872 1587 τοῖς
908 1548 1128 1600 πρέσβεσιν
1146 1543 1403 1603 αντελαβοντο
1433 1542 1544 1580 αλλοι
1577 1558 1616 1580 τε
1642 1547 1706 1580 καὶ
1734 1557 1770 1579 οι

245 1596 364 1629 παιδε
352 1608 386 1634 ς
418 1594 483 1628 καὶ
515 1591 537 1638 ἡ
569 1591 677 1638 γυνή.
722 1591 769 1647 ,οἵ
794 1588 831 1627 ὃ
863 1588 1004 1627 ν’πατοι
1041 1588 1128 1636 μήτ’
1164 1589 1352 1626 ἐθέλοντα
1361 1596 1624 1645 καταμεῖναι
1652 1586 1770 1625 αὐτὸν

247 1637 427 1674 εκὸώσειν
460 1638 632 1691 ἔφασαν
641 1634 731 1683 μήτ’
765 1634 931 1672 απιόντα
964 1642 1185 1682 κατασχεῖν.
1235 1650 1299 1671 και
1334 1632 1431 1671 οὕτω
1460 1634 1696 1691 προτιμήσας
1719 1633 1770 1691 μὴ

246 1686 468 1739 παραβῆναι
500 1682 589 1736 τοὺς
619 1678 755 1727 όρκους
787 1679 1040 1738 ανεκομισθη.
1089 1683 1153 1717 καὶ
1167 1682 1374 1736 ,αἰκισθεὶς
1400 1680 1453 1716 ὑπ
1497 1677 1638 1723 αὐτων,
1673 1679 1722 1721 ὡς
1747 1679 1769 1725 ἡ

247 1728 355 1784 φήμη
373 1729 508 1785 λέγει,
521 1725 709 1765 απέθανε
757 1725 804 1762 τα
830 1726 900 1773 γάρ
926 1727 1100 1786 βλέφαρα
1127 1723 1246 1762 αὐτοῦ
1250 1723 1529 1781 περιτεμόντες
1547 1727 1611 1761 καὶ
1637 1724 1772 1782 χρόνον

246 1789 334 1810 τινα
366 1772 406 1809 ἐν
443 1770 568 1808 σκότει
600 1775 892 1830 καθείρξαντες,
933 1777 1016 1807 εὶτα
1054 1772 1108 1813 εις
1144 1769 1278 1812 σκεῦός
1311 1787 1346 1807 τι
1379 1770 1599 1825 σύμπηκτον
1634 1771 1772 1826 κέντρα

246 1820 498 1873 πανταχόθεν
531 1831 617 1863 εχον
653 1816 881 1863 ἐμβαλόντες
918 1813 1036 1853 αὑτὸν
1073 1818 1136 1852 καὶ
1175 1817 1385 1869 τρέψαντες
1415 1816 1508 1861 πρὸς
1548 1815 1614 1852 τὸν
1650 1813 1770 1861 ἥλιον,

248 1863 369 1905 οὕτως
401 1861 475 1900 ὑπὸ
514 1865 783 1903 κακοπαθείας
814 1864 879 1898 καὶ
902 1861 1126 1916 ἀγρυπνίας
1158 1862 1208 1908 μὴ
1228 1859 1462 1919 δυναμενόν
1492 1876 1544 1917 πῃ
1583 1862 1771 1914 κλιθῆναι

249 1909 315 1945 δια
348 1923 395 1945 τα
427 1909 564 1964 κέντρα
596 1908 840 1960 διέφθειραν
895 1903 919 1942 oi
950 1905 1171 1952 πυθόμενοι
1202 1906 1240 1942 οἷ
1261 1905 1444 1964 Ρωμαῖοι
1480 1907 1567 1947 τοὺς
1602 1904 1772 1965 πρώτους

248 1957 321 1990 τῶν
352 1969 428 1998 παρ
478 1953 610 1993 αὐτοις
633 1951 892 2007 αἰχμαλώτων
924 1953 1145 1997 παρέδοσαν
1176 1958 1255 1992 τοῖς
1287 1950 1439 1988 ἐκείνου
1469 1953 1578 1988 παισὶ
1609 1952 1675 1987 και
1708 1965 1772 1986 αν-

249 2002 517 2035 τιαικισασθαι
535 2000 600 2034 καὶ
620 1995 931 2033 ανταποκτεῖναι.
960 2001 1071 2032 Etiam
1090 2001 1207 2031 Liuius
1224 2005 1258 2031 ut
1275 2002 1505 2032 crudelitatem
1524 2004 1674 2041 augeret,
1693 2010 1771 2040 snp-

247 2051 351 2090 plicia
382 2059 468 2090 quae
500 2049 541 2079 (le
574 2048 698 2088 lfeynlo
730 2050 862 2087 sumpta
894 2057 965 2077 esse
1002 2046 1131 2077 thbem
1164 2051 1196 2077 et
1226 2045 1410 2077 Tuditanus
1440 2047 1660 2086 rettule7¹,ant
1694 2055 1772 2077 con-

248 2096 400 2126 imzaeisse
426 2094 570 2126 uidentem
622 2093 688 2123 aiil.
717 2092 814 2123 0708.
842 2091 933 2122 IIII
960 2093 1017 2123 10:
1050 2092 1139 2122 Post
1164 2091 1185 2121 h
1191 2101 1256 2121 icc
1290 2091 1380 2122 fessi
1405 2094 1460 2121 tot
1486 2090 1592 2121 malis
1619 2071 1772 2121 Cartha-

250 2140 436 2179 ‹rinienses
464 2137 657 2179 petendam
685 2147 764 2168 esse
792 2148 812 2168 a
838 2136 1011 2167 Romanis
1037 2146 1163 2177 pacem
1190 2136 1445 2167 demeuerunt.
1497 2135 1541 2166 ad
1568 2145 1672 2177 quam
1698 2145 1771 2166 1em

249 2184 399 2215 Atilium
418 2183 610 2224 Regulum,
639 2185 749 2214 antea
775 2182 902 2212 ducem
925 2182 1135 2217 Romanum,
1162 2191 1267 2222 quem
1292 2181 1364 2212 iam
1390 2191 1456 2222 per
1481 2181 1639 2222 quinque
1659 2189 1772 2212 annos

251 2231 439 2271 captiuum
466 2228 702 2267 detinebant,
736 2229 830 2258 inte1
858 2230 1000 2258 ceteros
1034 2226 1105 2267 legi
1106 2229 1177 2257 {tos
1203 2227 1401 2268 praecipue
1428 2225 1642 2257 mittendum
1668 2227 1773 2267 puta-

252 2278 392 2307 (ιρι-,11111
432 2284 537 2316 quem
564 2283 634 2304 11011
658 2274 857 2314 impetrata
876 2282 967 2313 pace
995 2271 1040 2303 ab
1058 2271 1169 2302 Italia
1195 2282 1379 2303 reuersum
1405 2272 1560 2303 resectis
1586 2270 1774 2312 palpebris

250 2320 432 2362 illigatum
466 2320 502 2350 in
529 2330 561 2350 in
566 2319 700 2350 achina
726 2320 964 2348 necauerunt.
1020 2317 1354 2350 lal.lt1(1oe.VIIl]
1379 2318 1398 2348 2
1423 2321 1495 2348 ext.
1514 2318 1550 2347 1.
1576 2315 1773 2357 Karthagi-

253 2376 309 2396 111(
315 2376 398 2397 nses
425 2364 573 2395 Atilium
602 2363 782 2404 Regulum
814 2362 1000 2404 palpebris
1035 2362 1190 2393 resectis
1222 2361 1427 2399 machinae,
1454 2363 1490 2393 in
1516 2371 1588 2403 qua
1612 2361 1771 2401 undique

253 2422 293 2451 pr
297 2422 338 2443 ’10
345 2411 443 2441 acuti
478 2409 613 2440 stimuli
648 2408 876 2446 eminebant,
910 2407 1089 2438 inclusum
1128 2406 1324 2448 uigilantia
1362 2407 1500 2448 pariter
1533 2410 1568 2437 ct
1601 2406 1772 2437 continuo

251 2460 369 2487 tractu
397 2455 530 2486 doloris
556 2457 793 2485 uocauerunt.
842 2453 1000 2483 Pluribus
1022 2453 1219 2493 supplicium
1236 2453 1495 2484 crudelissimum
1520 2453 1561 2483 (Ze
1580 2451 1773 2483 Bodostore

252 2506 283 2532 ec
304 2502 509 2539 Humilem-e,
530 2498 861 2540 ('arllmyiniens-{bns
880 2498 1058 2537 nobilibus,
1085 2496 1250 2537 (fortasse
1271 2498 1432 2529 Philinum
1448 2498 1595 2536 serulus)
1615 2497 1773 2537 exposuit

257 2547 424 2578 [Eudorus
449 2556 525 2577 (πῖ-ι’.
558 2545 634 2576 Val.
662 2545 714 2575 lib.
741 2542 903 2574 XXIIII
925 2554 957 2584 p.
985 2543 1050 2574 566
1076 2540 1156 2583 (nol.
1182 2543 1225 2573 II
1250 2544 1269 2574 2
1292 2554 1328 2584 p.
1359 2544 1421 2575 100
1447 2542 1577 2582 Dind.).

388 2697 421 2732 1.
456 2701 589 2744 cartag.
632 2695 661 2731 V
839 2692 875 2729 2.
907 2699 1040 2741 cartag.
1086 2692 1115 2729 V
1290 2691 1328 2729 4.
1362 2693 1480 2728 tantis.
1513 2704 1537 2739 p
1578 2691 1608 2728 V
1666 2690 1772 2726 tantis

257 2764 276 2799 ι)
308 2763 379 2801 quo
418 2752 563 2787 adheret
598 2753 629 2787 Ρ
818 2751 994 2798 pulutacio
1028 2750 1060 2784 P
1248 2749 1284 2785 5.
1328 2751 1455 2785 ueneni
1488 2749 1521 2784 P
1711 2758 1773 2782 cor

257 2809 452 2843 tabesceret
497 2809 525 2844 V
698 2808 759 2844 10.
795 2806 992 2842 nlunicibus
1036 2807 1066 2841 V
1096 2807 1147 2850 (R
1179 2812 1213 2841 el
1248 2806 1278 2842 P
1306 2806 1401 2841 leave
1432 2817 1504 2841 77ο77
1536 2805 1693 2845 habent)

313 2864 486 2911 praefixos
531 2866 558 2900 Γ
734 2866 795 2900 11.
828 2864 1026 2910 insompnia
1071 2863 1100 2897 V
