1884 3213
174 199 299 233 IIIST.
324 200 439 233 ROM.
466 200 686 233 AETATES
712 201 878 233 PRIMIS
905 201 1067 233 LINEIS
1092 199 1424 234 ADVMBRATAE
1533 211 1592 240 LV

68 327 202 353 manos
235 315 374 353 radere
409 314 719 353 dennmstratum
744 319 814 359 est,
847 317 914 367 qui
938 315 1066 353 denuo
1100 327 1163 353 res
1195 317 1444 367 susciperent
1475 329 1588 354 onar-

67 382 222 423 randas,
256 383 443 431 religioni
475 396 542 419 005
574 395 651 420 11011
685 382 870 421 hahuisse
903 396 978 420 11011
1013 383 1138 421 50111111
1165 385 1245 433 ipsa
1270 384 1369 421 faeta
1395 397 1470 422 non
1504 397 1588 422 11111-

68 456 144 488 {ata
176 455 242 487 aut
275 450 404 488 11011110
437 451 654 488 examinata
689 450 736 487 ab
778 452 835 488 eis
874 452 940 501 qui
982 456 1093 488 autea
1135 450 1272 489 eadem
1306 456 1586 496 tractauerzmt,

67 519 106 556 in
137 517 264 556 libros
296 530 387 555 51105
417 519 635 557 transferre
669 518 737 555 sed
779 530 896 568 saepe
929 520 1047 556 etiam
1080 518 1203 555 uerba
1236 520 1465 560 retinuisse.
1499 531 1586 557 euin

66 587 243 624 contenti
275 591 406 624 essent
439 587 602 637 proprio
633 586 756 623 Marte
789 597 865 629 res,
900 598 999 636 quae
1030 590 1119 636 post
1152 586 1311 624 illorum
1344 592 1492 625 aetates
1524 600 1586 625 ac-

65 652 243 691 ciderant
274 666 398 704 usquc
430 654 477 692 ad
509 666 618 692 suam
651 658 819 691 aetatem
859 653 1066 692 adiecisse.
1128 655 1195 704 qui
1236 666 1320 691 mos
1359 654 1588 705 conpilandi

64 722 244 770 quamuis
277 734 294 759 a
328 720 442 759 1101115
474 733 578 760 1111110
611 726 653 759 111
685 721 844 759 1101111110
877 721 1042 759 honesto
1074 726 1111 760 et
1144 721 1260 760 docto
1284 721 1587 771 indignissimus

65 793 286 839 respuatur,
319 793 450 826 tamen
483 794 520 826 et
551 788 672 827 medii
704 790 794 827 aeui
825 789 1066 839 scriptorum
1100 789 1364 827 similitudine
1396 794 1433 827 et
1465 791 1587 827 certis

63 855 298 906 quibusdam
332 855 494 894 indiciis
526 857 621 894 satis
653 855 937 907 conprobatur.
972 869 1044 895 nec
1078 857 1116 895 id
1148 857 1244 895 adeo
1267 858 1413 895 mirum
1448 858 1487 894 in
1519 870 1585 895 an-

64 924 185 974 tiquis
217 923 377 974 quidem
409 923 690 975 scriptoribus,
724 925 805 975 qui,
838 929 880 962 ut
911 929 995 962 tum
1028 930 1139 963 erant
1171 925 1379 963 hominum
1413 926 1584 975 ingenia,

63 1003 141 1029 non
173 991 462 1041 distinguentes
494 993 598 1030 inter
630 994 714 1043 ipsa
736 993 839 1031 sacta
862 1004 1077 1043 eorumque
1101 992 1411 1044 descriptionem
1432 997 1584 1031 utrum-

62 1071 136 1110 que
169 1058 354 1097 omnibus
385 1072 581 1098 conmune
613 1072 698 1098 0550
736 1060 929 1111 putabant
968 1066 1005 1099 et
1045 1060 1235 1098 historiae
1267 1062 1453 1105 criticae,
1486 1074 1584 1112 quae

62 1139 166 1165 nune
198 1132 364 1165 uocatur
396 1132 434 1165 01
466 1133 687 1173 exercetur,
720 1140 844 1178 genus
876 1129 1038 1166 omnino
1071 1128 1307 1178 ignorabant
1340 1134 1377 1167 et
1399 1128 1584 1167 historici

61 1206 204 1233 munus
236 1207 275 1231 se
308 1194 530 1245 expleuisse
563 1195 840 1246 opinabantur,
874 1197 906 1233 si
938 1197 1191 1246 superiorum
1223 1198 1465 1247 scriptorum
1497 1208 1582 1235 ora-

61 1263 211 1300 tionem
242 1262 490 1300 limauissent
521 1268 559 1301 ct
589 1263 911 1314 perpoliuissent.
928 1260 953 1314 ¹)

172 1341 414 1392 Quamquam
448 1343 488 1379 in
522 1346 627 1379 tanta
658 1342 974 1391 fragmentorum
1007 1354 1106 1393 quae
1146 1355 1191 1381 ex
1224 1342 1431 1381 ueteribus
1464 1355 1581 1381 anna-

61 1408 165 1447 libus
197 1409 243 1447 ad
274 1421 346 1447 nos
377 1414 651 1460 peruenerunt
689 1410 887 1460 paucitate
927 1414 964 1447 et
1004 1411 1218 1460 exiguitate
1258 1408 1418 1461 unum2)
1461 1409 1581 1449 habe-

59 1489 145 1514 mus
177 1478 264 1515 eius
304 1489 398 1514 usus
430 1478 647 1526 uestigium
687 1477 789 1528 apud
830 1477 1002 1515 Gellium
1033 1477 1066 1515 X
1097 1475 1163 1522 24,
1197 1476 1233 1522 7,
1274 1480 1341 1529 qui
1374 1483 1581 1529 postquam

61 1556 106 1582 ex
139 1544 273 1582 Coelio
306 1544 404 1583 illud
436 1544 649 1583 eonsilium
680 1558 699 1583 a
740 1544 964 1583 Maharbale
996 1550 1085 1595 post
1124 1557 1296 1597 pugnam
1335 1545 1580 1584 Cannensem

59 1611 271 1651 Hannibali
304 1611 437 1650 datum
469 1612 638 1656 rettulit,
673 1612 747 1650 hoc
780 1612 988 1656 adnexuit,
1033 1618 1070 1651 et
1102 1612 1310 1651 historiam
1342 1618 1379 1652 et
1412 1613 1580 1651 uerbum

59 1680 124 1718 die
153 1680 284 1728 quinti
313 1692 332 1718 a
364 1679 497 1718 Coelio
536 1685 690 1731 sumpta
723 1692 808 1718 0550
848 1692 894 1717 ex
926 1679 1152 1730 originibus
1191 1680 1239 1719 M.
1273 1680 1433 1719 Catonis
1464 1686 1579 1732 atque

57 1858 318 1899 WVattenbach,
344 1859 593 1891 Deutsclzlands
621 1859 947 1901 Geselzielztsquellen
974 1870 1005 1902 p.
1033 1860 1107 1891 118.
1134 1861 1209 1892 131.
1237 1861 1313 1892 313.
1345 1862 1422 1893 342.
1456 1859 1579 1892 multis

56 1914 138 1947 aliis
162 1914 264 1947 loeis.

148 1981 173 2022 ¹)
200 1982 255 2015 Cf.
284 1982 364 2013 Liu.
390 1982 506 2023 praes.
533 1984 572 2014 2:
605 1982 735 2024 Quippe
768 1985 826 2025 qui
855 1994 925 2015 eum
956 1988 1102 2015 ueterem
1132 1989 1197 2015 tum
1221 1986 1386 2025 uulgatum
1411 1995 1485 2016 esse
1509 1996 1578 2016 rem

56 2037 189 2080 [dicere
214 2049 250 2069 se
268 2049 394 2079 operae
418 2040 562 2079 pretium
582 2038 758 2081 facturos]
783 2040 925 2081 uideam,
952 2042 1026 2071 dum
1052 2041 1130 2071 noui
1151 2051 1284 2081 semper
1308 2042 1496 2082 scriptores
1521 2047 1578 2072 (tut

57 2096 89 2126 in
113 2095 212 2126 rebus
237 2095 360 2126 certius
391 2095 520 2136 aliquid
549 2096 726 2127 adlaturos
755 2106 793 2127 se
830 2101 886 2127 aut
917 2096 1137 2128 scribendi
1166 2102 1259 2128 arte
1289 2098 1427 2128 rudem
1464 2103 1577 2128 uetu-

54 2161 71 2182 s
78 2155 91 2182 t
99 2162 118 2182 a
127 2156 139 2182 t
149 2162 165 2182 e
173 2162 201 2182 m
225 2155 447 2192 superaturos
472 2152 622 2184 credunt.

144 2216 172 2258 ²)
200 2218 302 2258 Quae
329 2218 422 2249 enim
448 2217 523 2249 alia
548 2218 673 2250 adlata
707 2222 792 2251 sunt
824 2219 989 2261 exempla
1021 2222 1084 2250 aut
1116 2219 1254 2251 adferri
1286 2223 1476 2262 poterunt,
1513 2224 1577 2253 aut

57 2274 199 2306 omnino
224 2273 315 2305 nihil
340 2274 469 2305 ualent
494 2277 558 2306 aut
584 2275 726 2307 incerta
757 2278 853 2309 sunt.
909 2278 950 2306 ut
982 2275 1075 2317 quod
1108 2286 1200 2317 quae
1226 2277 1339 2308 uerba
1365 2277 1507 2309 Gellius
1533 2289 1576 2310 ex

56 2329 209 2362 Claudio
233 2330 388 2362 inseruit
421 2329 479 2370 (fr.
507 2332 558 2362 13.
586 2332 639 2362 22.
666 2332 718 2363 23.
752 2331 826 2371 24),
865 2332 1004 2363 Nonius
1042 2343 1084 2363 ex
1117 2332 1263 2372 Coelio,
1302 2343 1374 2364 non
1411 2337 1494 2365 sunt
1532 2344 1576 2366 ea

57 2386 299 2428 transscripta
325 2396 346 2417 a
365 2385 517 2419 Claudio
543 2397 586 2418 ex
606 2386 744 2428 Coelio,
769 2387 823 2418 ita
849 2390 889 2418 ut
916 2387 1058 2419 Gellius
1084 2397 1150 2419 sua
1176 2399 1220 2419 ex
1245 2387 1410 2428 Claudio,
1437 2390 1574 2422 Nonius

55 2452 99 2474 ex
125 2440 249 2473 Coelio
274 2442 470 2484 sumpsisse
495 2442 761 2474 existimandus
793 2443 857 2483 sit,
890 2443 953 2475 sed
985 2454 1050 2485 per
1077 2454 1234 2476 errorem
1258 2445 1385 2485 Nonii,
1417 2446 1453 2477 id
1479 2446 1575 2487 quod

54 2507 148 2528 nunc
174 2498 218 2529 ab
244 2498 408 2530 omnibus
443 2498 518 2530 sere
551 2499 779 2540 conceditur,
815 2499 908 2531 falso
940 2499 987 2531 ad
1019 2499 1135 2532 Coelii
1166 2501 1423 2533 auctoritatem
1456 2501 1574 2533 relata

57 2550 328 2594 (Kretzschmer
366 2553 408 2585 de
442 2553 537 2586 Gell.
577 2555 667 2587 font.
699 2566 731 2597 p.
764 2557 817 2587 33.
866 2556 978 2587 Hertz
1015 2556 1052 2587 in
1089 2555 1192 2588 Iahn.
1229 2557 1349 2588 annal.
1381 2559 1423 2590 85
1455 2555 1572 2599 (1862)

57 2619 89 2650 p.
103 2607 193 2649 721).
219 2626 261 2630 ——
288 2609 378 2641 Tum
403 2609 447 2642 ad
475 2612 593 2653 campi
610 2612 773 2643 Tiburtis
790 2616 957 2644 naturam
976 2612 1256 2644 describendam
1273 2615 1368 2644 teste
1386 2613 1573 2644 Prisciano

57 2664 206 2696 Cassius
222 2665 378 2696 Hemina
404 2666 531 2698 eadem
558 2667 633 2699 fere
659 2668 774 2699 uerba
799 2668 891 2699 facit
914 2668 972 2707 (fr.
992 2669 1033 2699 29
1058 2668 1102 2699 In
1119 2679 1236 2709 campo
1260 2669 1393 2699 Tiburte
1417 2668 1473 2699 ubi
1495 2669 1572 2700 fior-

56 2722 150 2752 deum
175 2721 436 2762 demessuerunt)
465 2732 557 2763 quae
583 2726 668 2754 ante
695 2734 774 2755 eum
801 2723 892 2755 Cato
918 2722 977 2764 (fr.
1003 2725 1044 2755 57
1070 2724 1114 2755 In
1138 2734 1255 2764 eampo
1276 2724 1406 2755 Tiburti
1422 2724 1477 2755 ubi
1494 2725 1571 2756 1107·-

55 2777 149 2808 deum
174 2777 362 2815 demessuit,
387 2779 472 2808 idem
490 2779 523 2809 in
539 2779 700 2811 montibus
723 2781 817 2816 serit,
843 2780 898 2811 aba·
920 2780 1077 2812 hordeum
1102 2780 1187 2810 idem
1211 2780 1329 2810 iterum
1353 2778 1468 2820 metit).
1508 2781 1571 2812 sed

57 2832 174 2864 fateor
201 2833 311 2864 etiam
342 2832 401 2864 hic
433 2833 519 2864 mihi
551 2834 718 2865 mendum
750 2835 898 2867 subesse
930 2835 1058 2867 uideri.
1117 2834 1166 2865 ef.
1197 2834 1282 2866 infr.
1317 2834 1359 2866 de
1392 2834 1474 2866 Cat.
1506 2836 1571 2868 uit.

55 2890 90 2920 et
116 2898 184 2923 scr.
