<?xml version="1.0" encoding="UTF-8"?>
<!DOCTYPE html PUBLIC "-//W3C//DTD XHTML 1.0 Transitional//EN"
    "http://www.w3.org/TR/xhtml1/DTD/xhtml1-transitional.dtd">
<html xmlns="http://www.w3.org/1999/xhtml" xml:lang="en" lang="en">
 <head>
  <title>
</title>
<meta http-equiv="Content-Type" content="text/html;charset=utf-8" />
  <meta name='ocr-system' content='tesseract 3.04.00' />
  <meta name='ocr-capabilities' content='ocr_page ocr_carea ocr_par ocr_line ocrx_word'/>
</head>
<body>
  <div class='ocr_page' id='page_1' title='image "./veterumhistorico01peteuoft_0309.png"; bbox 0 0 1884 3213; ppageno 0'>
   <div class='ocr_carea' id='block_1_1' title="bbox 434 651 1236 708">
    <p class='ocr_par' dir='ltr' id='par_1_1' title="bbox 434 651 1236 708">
     <span class='ocr_line' id='line_1_1' title="bbox 434 651 1236 708; baseline 0.001 -1"><span class='ocrx_word' id='word_1_1' title='bbox 434 654 494 707; x_wconf 89' lang='lat' dir='ltr'>L.</span> <span class='ocrx_word' id='word_1_2' title='bbox 539 651 844 708; x_wconf 80' lang='lat' dir='ltr'>LICINIVS</span> <span class='ocrx_word' id='word_1_3' title='bbox 886 651 1236 708; x_wconf 72' lang='lat' dir='ltr'>LVOVLLVS</span> 
     </span>
    </p>
   </div>
   <div class='ocr_carea' id='block_1_2' title="bbox 73 797 1603 2668">
    <p class='ocr_par' dir='ltr' id='par_1_2' title="bbox 77 797 1603 1918">
     <span class='ocr_line' id='line_1_2' title="bbox 189 797 1600 851; baseline -0.001 -12"><span class='ocrx_word' id='word_1_4' title='bbox 189 801 231 839; x_wconf 91' lang='lat' dir='ltr'>In</span> <span class='ocrx_word' id='word_1_5' title='bbox 266 801 306 839; x_wconf 89' lang='lat' dir='ltr'>L.</span> <span class='ocrx_word' id='word_1_6' title='bbox 333 801 489 839; x_wconf 90' lang='lat' dir='ltr'>Licinio</span> <span class='ocrx_word' id='word_1_7' title='bbox 521 797 728 851; x_wconf 41' lang='lat' dir='ltr'>Lucullos&gt;</span> <span class='ocrx_word' id='word_1_8' title='bbox 763 804 913 838; x_wconf 79' lang='lat' dir='ltr'>constat</span> <span class='ocrx_word' id='word_1_9' title='bbox 948 798 1192 848; x_wconf 77' lang='lat' dir='ltr'>singularem</span> <span class='ocrx_word' id='word_1_10' title='bbox 1226 799 1349 836; x_wconf 79' lang='lat' dir='ltr'>fuisse</span> <span class='ocrx_word' id='word_1_11' title='bbox 1382 803 1419 836; x_wconf 81' lang='lat' dir='ltr'>et</span> <span class='ocrx_word' id='word_1_12' title='bbox 1452 800 1600 848; x_wconf 80' lang='lat' dir='ltr'>ingenii</span> 
     </span>
     <span class='ocr_line' id='line_1_3' title="bbox 78 865 1602 918; baseline -0.001 -13"><span class='ocrx_word' id='word_1_13' title='bbox 78 875 111 906; x_wconf 82' lang='grc'>1·1</span> <span class='ocrx_word' id='word_1_14' title='bbox 148 869 286 907; x_wconf 88' lang='grc'><strong>111111011</strong></span> <span class='ocrx_word' id='word_1_15' title='bbox 319 868 574 918; x_wconf 70' lang='lat' dir='ltr'>elegantiam,</span> <span class='ocrx_word' id='word_1_16' title='bbox 608 873 646 905; x_wconf 91' lang='lat' dir='ltr'>ut</span> <span class='ocrx_word' id='word_1_17' title='bbox 681 867 728 906; x_wconf 91' lang='lat' dir='ltr'>ad</span> <span class='ocrx_word' id='word_1_18' title='bbox 761 867 866 905; x_wconf 86' lang='lat' dir='ltr'>hunc</span> <span class='ocrx_word' id='word_1_19' title='bbox 889 868 1141 917; x_wconf 82' lang='lat' dir='ltr'>potissimum</span> <span class='ocrx_word' id='word_1_20' title='bbox 1167 865 1275 904; x_wconf 87' lang='lat' dir='ltr'>Sulla</span> <span class='ocrx_word' id='word_1_21' title='bbox 1308 868 1602 905; x_wconf 84' lang='lat' dir='ltr'>conmentarios</span> 
     </span>
     <span class='ocr_line' id='line_1_4' title="bbox 77 932 1601 985; baseline -0.001 -12"><span class='ocrx_word' id='word_1_22' title='bbox 77 949 169 974; x_wconf 86' lang='lat' dir='ltr'>suos</span> <span class='ocrx_word' id='word_1_23' title='bbox 192 939 365 975; x_wconf 83' lang='lat' dir='ltr'>mitteret</span> <span class='ocrx_word' id='word_1_24' title='bbox 390 936 662 974; x_wconf 83' lang='lat' dir='ltr'>retractandos</span> <span class='ocrx_word' id='word_1_25' title='bbox 685 941 719 973; x_wconf 89' lang='lat' dir='ltr'>et</span> <span class='ocrx_word' id='word_1_26' title='bbox 745 933 1025 985; x_wconf 84' lang='lat' dir='ltr'>perpoliendos</span> <span class='ocrx_word' id='word_1_27' title='bbox 1056 932 1113 972; x_wconf 81' lang='lat' dir='ltr'>cs.</span> <span class='ocrx_word' id='word_1_28' title='bbox 1138 946 1167 971; x_wconf 89' lang='lat' dir='ltr'>s.</span> <span class='ocrx_word' id='word_1_29' title='bbox 1192 946 1228 983; x_wconf 88' lang='lat' dir='ltr'>p.</span> <span class='ocrx_word' id='word_1_30' title='bbox 1253 933 1511 977; x_wconf 58' lang='lat' dir='ltr'>CCLxxvflt,</span> <span class='ocrx_word' id='word_1_31' title='bbox 1545 940 1601 972; x_wconf 70' lang='lat' dir='ltr'>at-</span> 
     </span>
     <span class='ocr_line' id='line_1_5' title="bbox 79 1001 1602 1054; baseline -0.001 -14"><span class='ocrx_word' id='word_1_32' title='bbox 79 1016 155 1054; x_wconf 89' lang='lat' dir='ltr'>que</span> <span class='ocrx_word' id='word_1_33' title='bbox 188 1016 371 1054; x_wconf 79' lang='lat' dir='ltr'>magnum</span> <span class='ocrx_word' id='word_1_34' title='bbox 404 1005 640 1053; x_wconf 86' lang='lat' dir='ltr'>optimarum</span> <span class='ocrx_word' id='word_1_35' title='bbox 664 1004 807 1041; x_wconf 83' lang='lat' dir='ltr'>artium</span> <span class='ocrx_word' id='word_1_36' title='bbox 840 1002 1028 1040; x_wconf 89' lang='lat' dir='ltr'>studium.</span> <span class='ocrx_word' id='word_1_37' title='bbox 1078 1001 1226 1039; x_wconf 87' lang='lat' dir='ltr'>Graece</span> <span class='ocrx_word' id='word_1_38' title='bbox 1260 1003 1365 1039; x_wconf 91' lang='lat' dir='ltr'>enim</span> <span class='ocrx_word' id='word_1_39' title='bbox 1397 1007 1431 1039; x_wconf 84' lang='lat' dir='ltr'>et</span> <span class='ocrx_word' id='word_1_40' title='bbox 1466 1001 1602 1039; x_wconf 90' lang='lat' dir='ltr'>Latine</span> 
     </span>
     <span class='ocr_line' id='line_1_6' title="bbox 78 1066 1600 1122; baseline -0.002 -13"><span class='ocrx_word' id='word_1_41' title='bbox 78 1073 226 1122; x_wconf 86' lang='lat' dir='ltr'>pariter</span> <span class='ocrx_word' id='word_1_42' title='bbox 259 1071 429 1115; x_wconf 85' lang='lat' dir='ltr'>sciebat,</span> <span class='ocrx_word' id='word_1_43' title='bbox 465 1071 632 1109; x_wconf 90' lang='lat' dir='ltr'>multum</span> <span class='ocrx_word' id='word_1_44' title='bbox 656 1082 798 1120; x_wconf 87' lang='lat' dir='ltr'>operae</span> <span class='ocrx_word' id='word_1_45' title='bbox 830 1068 943 1108; x_wconf 85' lang='lat' dir='ltr'>dabat</span> <span class='ocrx_word' id='word_1_46' title='bbox 967 1068 1215 1120; x_wconf 84' lang='lat' dir='ltr'>philosophis</span> <span class='ocrx_word' id='word_1_47' title='bbox 1237 1070 1399 1107; x_wconf 86' lang='lat' dir='ltr'>Graecis</span> <span class='ocrx_word' id='word_1_48' title='bbox 1433 1066 1496 1118; x_wconf 66' lang='lat' dir='ltr'>(cf.</span> <span class='ocrx_word' id='word_1_49' title='bbox 1521 1081 1600 1107; x_wconf 92' lang='lat' dir='ltr'>ma-</span> 
     </span>
     <span class='ocr_line' id='line_1_7' title="bbox 78 1135 1602 1189; baseline -0.002 -13"><span class='ocrx_word' id='word_1_50' title='bbox 78 1141 181 1176; x_wconf 81' lang='lat' dir='ltr'>xime</span> <span class='ocrx_word' id='word_1_51' title='bbox 215 1138 341 1177; x_wconf 75' lang='lat' dir='ltr'>Cicer.</span> <span class='ocrx_word' id='word_1_52' title='bbox 376 1138 481 1177; x_wconf 85' lang='lat' dir='ltr'>acad.</span> <span class='ocrx_word' id='word_1_53' title='bbox 516 1140 638 1189; x_wconf 90' lang='lat' dir='ltr'>prior.</span> <span class='ocrx_word' id='word_1_54' title='bbox 671 1137 706 1175; x_wconf 94' lang='lat' dir='ltr'>II</span> <span class='ocrx_word' id='word_1_55' title='bbox 739 1135 860 1186; x_wconf 47' lang='lat' dir='ltr'>initd,</span> <span class='ocrx_word' id='word_1_56' title='bbox 904 1138 1136 1188; x_wconf 81' lang='lat' dir='ltr'>frequenter</span> <span class='ocrx_word' id='word_1_57' title='bbox 1176 1138 1215 1174; x_wconf 91' lang='lat' dir='ltr'>in</span> <span class='ocrx_word' id='word_1_58' title='bbox 1247 1137 1333 1174; x_wconf 89' lang='lat' dir='ltr'>foro</span> <span class='ocrx_word' id='word_1_59' title='bbox 1367 1136 1602 1175; x_wconf 85' lang='lat' dir='ltr'>uersabatur</span> 
     </span>
     <span class='ocr_line' id='line_1_8' title="bbox 80 1203 1603 1257; baseline -0.003 -13"><span class='ocrx_word' id='word_1_60' title='bbox 80 1206 222 1257; x_wconf 55' lang='lat' dir='ltr'>„Meyer</span> <span class='ocrx_word' id='word_1_61' title='bbox 255 1212 351 1244; x_wconf 80' lang='lat' dir='ltr'>orat.</span> <span class='ocrx_word' id='word_1_62' title='bbox 385 1208 433 1245; x_wconf 80' lang='lat' dir='ltr'>fr.</span> <span class='ocrx_word' id='word_1_63' title='bbox 466 1219 505 1257; x_wconf 93' lang='lat' dir='ltr'>p.</span> <span class='ocrx_word' id='word_1_64' title='bbox 535 1203 618 1244; x_wconf 78' lang='lat'>358</span> <span class='ocrx_word' id='word_1_65' title='bbox 650 1204 771 1256; x_wconf 52' lang='lat' dir='ltr'>sqqssl,</span> <span class='ocrx_word' id='word_1_66' title='bbox 806 1204 979 1255; x_wconf 86' lang='lat' dir='ltr'>undique</span> <span class='ocrx_word' id='word_1_67' title='bbox 1012 1203 1272 1254; x_wconf 74' lang='lat' dir='ltr'>conquirebat</span> <span class='ocrx_word' id='word_1_68' title='bbox 1307 1209 1341 1241; x_wconf 88' lang='lat' dir='ltr'>ct</span> <span class='ocrx_word' id='word_1_69' title='bbox 1376 1203 1603 1253; x_wconf 68' lang='lat' dir='ltr'>conligeliat</span> 
     </span>
     <span class='ocr_line' id='line_1_9' title="bbox 78 1271 1602 1323; baseline -0.002 -12"><span class='ocrx_word' id='word_1_70' title='bbox 78 1273 202 1311; x_wconf 85' lang='lat' dir='ltr'>libros</span> <span class='ocrx_word' id='word_1_71' title='bbox 235 1279 268 1311; x_wconf 80' lang='lat' dir='ltr'>et</span> <span class='ocrx_word' id='word_1_72' title='bbox 310 1275 506 1312; x_wconf 71' lang='lat' dir='ltr'>artificum</span> <span class='ocrx_word' id='word_1_73' title='bbox 539 1273 779 1312; x_wconf 83' lang='lat' dir='ltr'>Graecorum</span> <span class='ocrx_word' id='word_1_74' title='bbox 821 1284 961 1323; x_wconf 91' lang='lat' dir='ltr'>opera,</span> <span class='ocrx_word' id='word_1_75' title='bbox 1004 1271 1175 1321; x_wconf 88' lang='lat' dir='ltr'>denique</span> <span class='ocrx_word' id='word_1_76' title='bbox 1214 1276 1404 1321; x_wconf 76' lang='lat' dir='ltr'>quotquot</span> <span class='ocrx_word' id='word_1_77' title='bbox 1438 1271 1602 1309; x_wconf 84' lang='lat' dir='ltr'>Romam</span> 
     </span>
     <span class='ocr_line' id='line_1_10' title="bbox 78 1337 1601 1391; baseline -0.002 -13"><span class='ocrx_word' id='word_1_78' title='bbox 78 1341 258 1379; x_wconf 83' lang='lat' dir='ltr'>homines</span> <span class='ocrx_word' id='word_1_79' title='bbox 291 1341 396 1379; x_wconf 89' lang='lat' dir='ltr'>docti</span> <span class='ocrx_word' id='word_1_80' title='bbox 428 1343 674 1391; x_wconf 82' lang='lat' dir='ltr'>migrauere,</span> <span class='ocrx_word' id='word_1_81' title='bbox 709 1340 868 1378; x_wconf 90' lang='lat' dir='ltr'>domum</span> <span class='ocrx_word' id='word_1_82' title='bbox 898 1350 1008 1377; x_wconf 87' lang='lat' dir='ltr'>suam</span> <span class='ocrx_word' id='word_1_83' title='bbox 1039 1337 1259 1389; x_wconf 82' lang='lat' dir='ltr'>recipiebat</span> <span class='ocrx_word' id='word_1_84' title='bbox 1290 1343 1405 1389; x_wconf 86' lang='lat' dir='ltr'>atque</span> <span class='ocrx_word' id='word_1_85' title='bbox 1438 1344 1473 1375; x_wconf 87' lang='lat' dir='ltr'>et</span> <span class='ocrx_word' id='word_1_86' title='bbox 1508 1351 1601 1376; x_wconf 90' lang='lat' dir='ltr'>con-</span> 
     </span>
     <span class='ocr_line' id='line_1_11' title="bbox 78 1406 1600 1459; baseline -0.001 -14"><span class='ocrx_word' id='word_1_87' title='bbox 78 1408 212 1459; x_wconf 89' lang='lat' dir='ltr'>loquio</span> <span class='ocrx_word' id='word_1_88' title='bbox 252 1414 290 1446; x_wconf 75' lang='lat' dir='ltr'>etv</span> <span class='ocrx_word' id='word_1_89' title='bbox 329 1408 472 1459; x_wconf 83' lang='lat' dir='ltr'>opibus</span> <span class='ocrx_word' id='word_1_90' title='bbox 511 1407 669 1446; x_wconf 85' lang='lat' dir='ltr'>iuuabat</span> <span class='ocrx_word' id='word_1_91' title='bbox 713 1413 746 1445; x_wconf 81' lang='lat' dir='ltr'>et</span> <span class='ocrx_word' id='word_1_92' title='bbox 790 1406 963 1446; x_wconf 85' lang='lat' dir='ltr'>fouebat.</span> <span class='ocrx_word' id='word_1_93' title='bbox 1025 1406 1092 1443; x_wconf 86' lang='lat' dir='ltr'>sed</span> <span class='ocrx_word' id='word_1_94' title='bbox 1132 1410 1260 1444; x_wconf 88' lang='lat' dir='ltr'>tamen</span> <span class='ocrx_word' id='word_1_95' title='bbox 1300 1418 1345 1443; x_wconf 84' lang='lat' dir='ltr'>ex</span> <span class='ocrx_word' id='word_1_96' title='bbox 1379 1406 1600 1444; x_wconf 87' lang='lat' dir='ltr'>litterarmn</span> 
     </span>
     <span class='ocr_line' id='line_1_12' title="bbox 77 1473 1601 1525; baseline -0.001 -13"><span class='ocrx_word' id='word_1_97' title='bbox 77 1475 207 1513; x_wconf 81' lang='lat' dir='ltr'>studio</span> <span class='ocrx_word' id='word_1_98' title='bbox 241 1478 363 1525; x_wconf 79' lang='lat' dir='ltr'>magis</span> <span class='ocrx_word' id='word_1_99' title='bbox 396 1475 701 1514; x_wconf 85' lang='lat' dir='ltr'>oblectationem</span> <span class='ocrx_word' id='word_1_100' title='bbox 734 1481 768 1512; x_wconf 87' lang='lat' dir='ltr'>et</span> <span class='ocrx_word' id='word_1_101' title='bbox 804 1474 1045 1524; x_wconf 86' lang='lat' dir='ltr'>uoluptatem</span> <span class='ocrx_word' id='word_1_102' title='bbox 1086 1485 1203 1523; x_wconf 91' lang='lat' dir='ltr'>quam</span> <span class='ocrx_word' id='word_1_103' title='bbox 1242 1473 1461 1511; x_wconf 79' lang='lat' dir='ltr'>doctrinam</span> <span class='ocrx_word' id='word_1_104' title='bbox 1494 1479 1601 1523; x_wconf 78' lang='lat' dir='ltr'>pete-</span> 
     </span>
     <span class='ocr_line' id='line_1_13' title="bbox 78 1540 1600 1586; baseline -0.003 -5"><span class='ocrx_word' id='word_1_105' title='bbox 78 1542 162 1586; x_wconf 90' lang='lat' dir='ltr'>bat,</span> <span class='ocrx_word' id='word_1_106' title='bbox 196 1543 356 1581; x_wconf 83' lang='lat' dir='ltr'>uolebat</span> <span class='ocrx_word' id='word_1_107' title='bbox 378 1543 572 1581; x_wconf 83' lang='lat' dir='ltr'>humanus</span> <span class='ocrx_word' id='word_1_108' title='bbox 604 1549 639 1580; x_wconf 88' lang='lat' dir='ltr'>et</span> <span class='ocrx_word' id='word_1_109' title='bbox 673 1542 869 1586; x_wconf 85' lang='lat' dir='ltr'>liberalis,</span> <span class='ocrx_word' id='word_1_110' title='bbox 903 1554 981 1579; x_wconf 91' lang='lat' dir='ltr'>non</span> <span class='ocrx_word' id='word_1_111' title='bbox 1013 1541 1208 1579; x_wconf 87' lang='lat' dir='ltr'>litteratus</span> <span class='ocrx_word' id='word_1_112' title='bbox 1230 1540 1381 1579; x_wconf 84' lang='lat' dir='ltr'>haberi.</span> <span class='ocrx_word' id='word_1_113' title='bbox 1430 1546 1511 1578; x_wconf 87' lang='lat' dir='ltr'>tum</span> <span class='ocrx_word' id='word_1_114' title='bbox 1536 1541 1600 1578; x_wconf 85' lang='grc'><strong>111·-</strong></span> 
     </span>
     <span class='ocr_line' id='line_1_14' title="bbox 78 1609 1602 1659; baseline -0.002 -11"><span class='ocrx_word' id='word_1_115' title='bbox 78 1616 157 1649; x_wconf 88' lang='lat' dir='ltr'>erat</span> <span class='ocrx_word' id='word_1_116' title='bbox 191 1612 226 1648; x_wconf 88' lang='lat' dir='ltr'>ei</span> <span class='ocrx_word' id='word_1_117' title='bbox 259 1612 298 1648; x_wconf 93' lang='lat' dir='ltr'>in</span> <span class='ocrx_word' id='word_1_118' title='bbox 331 1610 401 1648; x_wconf 88' lang='lat' dir='ltr'>hac</span> <span class='ocrx_word' id='word_1_119' title='bbox 425 1623 466 1648; x_wconf 90' lang='lat' dir='ltr'>re</span> <span class='ocrx_word' id='word_1_120' title='bbox 490 1610 704 1649; x_wconf 77' lang='lat' dir='ltr'>adsiduitas</span> <span class='ocrx_word' id='word_1_121' title='bbox 727 1616 764 1648; x_wconf 85' lang='lat' dir='ltr'>et</span> <span class='ocrx_word' id='word_1_122' title='bbox 794 1610 1033 1652; x_wconf 82' lang='lat' dir='ltr'>constantia,</span> <span class='ocrx_word' id='word_1_123' title='bbox 1066 1621 1143 1659; x_wconf 88' lang='lat' dir='ltr'>quo</span> <span class='ocrx_word' id='word_1_124' title='bbox 1165 1609 1311 1647; x_wconf 87' lang='lat' dir='ltr'>factum</span> <span class='ocrx_word' id='word_1_125' title='bbox 1344 1613 1423 1651; x_wconf 85' lang='lat' dir='ltr'>est,</span> <span class='ocrx_word' id='word_1_126' title='bbox 1458 1614 1494 1645; x_wconf 93' lang='lat' dir='ltr'>ut</span> <span class='ocrx_word' id='word_1_127' title='bbox 1531 1621 1602 1646; x_wconf 75' lang='lat' dir='ltr'>ner.</span> 
     </span>
     <span class='ocr_line' id='line_1_15' title="bbox 80 1672 1602 1717; baseline -0.001 -2"><span class='ocrx_word' id='word_1_128' title='bbox 80 1679 117 1715; x_wconf 92' lang='lat' dir='ltr'>in</span> <span class='ocrx_word' id='word_1_129' title='bbox 150 1678 236 1716; x_wconf 88' lang='lat' dir='ltr'>soro</span> <span class='ocrx_word' id='word_1_130' title='bbox 260 1677 464 1715; x_wconf 71' lang='lat' dir='ltr'>Ciceronis</span> <span class='ocrx_word' id='word_1_131' title='bbox 497 1677 645 1715; x_wconf 79' lang='lat' dir='ltr'>iudicio</span> <span class='ocrx_word' id='word_1_132' title='bbox 678 1680 771 1716; x_wconf 83' lang='lat' dir='ltr'>satis</span> <span class='ocrx_word' id='word_1_133' title='bbox 804 1678 952 1715; x_wconf 78' lang='lat' dir='ltr'>faceret.</span> <span class='ocrx_word' id='word_1_134' title='bbox 986 1676 1107 1713; x_wconf 83' lang='lat' dir='ltr'>Brut.</span> <span class='ocrx_word' id='word_1_135' title='bbox 1140 1672 1212 1717; x_wconf 77' lang='grc'>62,</span> <span class='ocrx_word' id='word_1_136' title='bbox 1245 1672 1340 1712; x_wconf 75' lang='grc'><strong>2221</strong></span> <span class='ocrx_word' id='word_1_137' title='bbox 1375 1681 1413 1713; x_wconf 84' lang='lat' dir='ltr'>et</span> <span class='ocrx_word' id='word_1_138' title='bbox 1435 1676 1602 1713; x_wconf 90' lang='lat' dir='ltr'>multum</span> 
     </span>
     <span class='ocr_line' id='line_1_16' title="bbox 82 1742 1602 1795; baseline -0.002 -13"><span class='ocrx_word' id='word_1_139' title='bbox 82 1745 233 1794; x_wconf 73' lang='lat' dir='ltr'>legeret</span> <span class='ocrx_word' id='word_1_140' title='bbox 275 1744 366 1793; x_wconf 46' lang='lat' dir='ltr'>(Cic.</span> <span class='ocrx_word' id='word_1_141' title='bbox 412 1744 518 1783; x_wconf 84' lang='lat' dir='ltr'>acad.</span> <span class='ocrx_word' id='word_1_142' title='bbox 559 1757 618 1795; x_wconf 91' lang='lat' dir='ltr'>pr.</span> <span class='ocrx_word' id='word_1_143' title='bbox 661 1742 769 1787; x_wconf 70' lang='lat'>1152,</span> <span class='ocrx_word' id='word_1_144' title='bbox 802 1742 863 1787; x_wconf 33' lang='lat'>41,</span> <span class='ocrx_word' id='word_1_145' title='bbox 897 1755 1059 1794; x_wconf 86' lang='lat' dir='ltr'>perraro</span> <span class='ocrx_word' id='word_1_146' title='bbox 1100 1742 1316 1786; x_wconf 80' lang='lat' dir='ltr'>scriberet,</span> <span class='ocrx_word' id='word_1_147' title='bbox 1357 1743 1474 1794; x_wconf 93' lang='lat' dir='ltr'>idque</span> <span class='ocrx_word' id='word_1_148' title='bbox 1513 1748 1602 1781; x_wconf 78' lang='lat' dir='ltr'>ante</span> 
     </span>
     <span class='ocr_line' id='line_1_17' title="bbox 79 1810 1599 1862; baseline -0.002 -12"><span class='ocrx_word' id='word_1_149' title='bbox 79 1811 371 1862; x_wconf 78' lang='lat' dir='ltr'>expeditionem</span> <span class='ocrx_word' id='word_1_150' title='bbox 404 1813 634 1853; x_wconf 78' lang='lat' dir='ltr'>Asiaticam,</span> <span class='ocrx_word' id='word_1_151' title='bbox 674 1824 764 1849; x_wconf 84' lang='lat' dir='ltr'>cum</span> <span class='ocrx_word' id='word_1_152' title='bbox 806 1812 960 1848; x_wconf 73' lang='lat' dir='ltr'>iuuenis</span> <span class='ocrx_word' id='word_1_153' title='bbox 992 1815 1116 1854; x_wconf 83' lang='lat' dir='ltr'>esset,</span> <span class='ocrx_word' id='word_1_154' title='bbox 1157 1816 1195 1848; x_wconf 57' lang='lat' dir='ltr'>et,</span> <span class='ocrx_word' id='word_1_155' title='bbox 1233 1823 1325 1849; x_wconf 89' lang='lat' dir='ltr'>casu</span> <span class='ocrx_word' id='word_1_156' title='bbox 1365 1810 1533 1861; x_wconf 87' lang='lat' dir='ltr'>quodam</span> <span class='ocrx_word' id='word_1_157' title='bbox 1567 1816 1599 1847; x_wconf 81' lang='grc'>1-1</span> 
     </span>
     <span class='ocr_line' id='line_1_18' title="bbox 81 1879 546 1918; baseline -0.002 -1"><span class='ocrx_word' id='word_1_158' title='bbox 81 1881 315 1917; x_wconf 77' lang='lat' dir='ltr'>necessitate</span> <span class='ocrx_word' id='word_1_159' title='bbox 348 1879 546 1918; x_wconf 90' lang='lat' dir='ltr'>inductus.</span> 
     </span>
    </p>

    <p class='ocr_par' dir='ltr' id='par_1_3' title="bbox 73 1943 1603 2668">
     <span class='ocr_line' id='line_1_19' title="bbox 189 1943 1593 1996; baseline -0.001 -12"><span class='ocrx_word' id='word_1_160' title='bbox 189 1946 283 1985; x_wconf 89' lang='lat' dir='ltr'>Nam</span> <span class='ocrx_word' id='word_1_161' title='bbox 314 1958 415 1985; x_wconf 89' lang='lat' dir='ltr'>anno</span> <span class='ocrx_word' id='word_1_162' title='bbox 445 1949 527 1985; x_wconf 88' lang='lat' dir='ltr'>fere</span> <span class='ocrx_word' id='word_1_163' title='bbox 550 1944 616 1985; x_wconf 88' lang='grc'>88.</span> <span class='ocrx_word' id='word_1_164' title='bbox 639 1944 720 1985; x_wconf 91' lang='grc'>666</span> <span class='ocrx_word' id='word_1_165' title='bbox 745 1946 858 1993; x_wconf 67' lang='grc' dir='ltr'><strong>’1Ηο111</strong></span> <span class='ocrx_word' id='word_1_166' title='bbox 882 1947 930 1983; x_wconf 75' lang='lat' dir='ltr'>(le</span> <span class='ocrx_word' id='word_1_167' title='bbox 952 1946 1105 1984; x_wconf 74' lang='lat' dir='ltr'>Se‘senn.</span> <span class='ocrx_word' id='word_1_168' title='bbox 1131 1947 1199 1984; x_wconf 77' lang='lat' dir='ltr'>zcz‘l.</span> <span class='ocrx_word' id='word_1_169' title='bbox 1223 1958 1260 1995; x_wconf 93' lang='lat' dir='ltr'>p.</span> <span class='ocrx_word' id='word_1_170' title='bbox 1283 1943 1320 1996; x_wconf 55' lang='grc'>5,,</span> <span class='ocrx_word' id='word_1_171' title='bbox 1357 1958 1446 1983; x_wconf 86' lang='lat' dir='ltr'>eum</span> <span class='ocrx_word' id='word_1_172' title='bbox 1469 1958 1593 1996; x_wconf 89' lang='lat' dir='ltr'>quon-</span> 
     </span>
     <span class='ocr_line' id='line_1_20' title="bbox 80 2013 1600 2063; baseline -0.001 -12"><span class='ocrx_word' id='word_1_173' title='bbox 80 2013 166 2051; x_wconf 88' lang='lat' dir='ltr'>dam</span> <span class='ocrx_word' id='word_1_174' title='bbox 199 2026 289 2052; x_wconf 90' lang='lat' dir='ltr'>cum</span> <span class='ocrx_word' id='word_1_175' title='bbox 310 2013 523 2052; x_wconf 82' lang='lat' dir='ltr'>Hortensio</span> <span class='ocrx_word' id='word_1_176' title='bbox 552 2019 707 2053; x_wconf 86' lang='lat' dir='ltr'>oratore</span> <span class='ocrx_word' id='word_1_177' title='bbox 739 2020 773 2051; x_wconf 88' lang='lat' dir='ltr'>et</span> <span class='ocrx_word' id='word_1_178' title='bbox 798 2014 962 2052; x_wconf 78' lang='lat' dir='ltr'>Sisenna</span> <span class='ocrx_word' id='word_1_179' title='bbox 992 2026 1125 2051; x_wconf 76' lang='lat' dir='ltr'>rerum</span> <span class='ocrx_word' id='word_1_180' title='bbox 1150 2015 1344 2063; x_wconf 84' lang='lat' dir='ltr'>scriptore</span> <span class='ocrx_word' id='word_1_181' title='bbox 1369 2026 1412 2051; x_wconf 83' lang='lat' dir='ltr'>ex</span> <span class='ocrx_word' id='word_1_182' title='bbox 1438 2013 1529 2051; x_wconf 92' lang='lat' dir='ltr'>ludo</span> <span class='ocrx_word' id='word_1_183' title='bbox 1564 2015 1600 2050; x_wconf 93' lang='grc'>111</span> 
     </span>
     <span class='ocr_line' id='line_1_21' title="bbox 79 2080 1600 2126; baseline -0.001 -7"><span class='ocrx_word' id='word_1_184' title='bbox 79 2086 278 2119; x_wconf 83' lang='lat' dir='ltr'>certamen</span> <span class='ocrx_word' id='word_1_185' title='bbox 311 2081 593 2126; x_wconf 82' lang='lat' dir='ltr'>descendisset,</span> <span class='ocrx_word' id='word_1_186' title='bbox 628 2086 669 2119; x_wconf 85' lang='lat' dir='ltr'>nt</span> <span class='ocrx_word' id='word_1_187' title='bbox 691 2093 777 2119; x_wconf 89' lang='lat' dir='ltr'>sors</span> <span class='ocrx_word' id='word_1_188' title='bbox 799 2080 1026 2124; x_wconf 85' lang='lat' dir='ltr'>excidisset,</span> <span class='ocrx_word' id='word_1_189' title='bbox 1050 2093 1090 2118; x_wconf 87' lang='lat' dir='ltr'>se</span> <span class='ocrx_word' id='word_1_190' title='bbox 1115 2080 1264 2118; x_wconf 84' lang='lat' dir='ltr'>bellum</span> <span class='ocrx_word' id='word_1_191' title='bbox 1287 2080 1498 2118; x_wconf 79' lang='lat' dir='ltr'>Marsicum</span> <span class='ocrx_word' id='word_1_192' title='bbox 1525 2082 1600 2117; x_wconf 49' lang='lat' dir='ltr'>&lt;cui</span> 
     </span>
     <span class='ocr_line' id='line_1_22' title="bbox 79 2145 1598 2200; baseline -0.001 -14"><span class='ocrx_word' id='word_1_193' title='bbox 79 2148 126 2186; x_wconf 86' lang='lat' dir='ltr'>ab</span> <span class='ocrx_word' id='word_1_194' title='bbox 150 2161 250 2187; x_wconf 87' lang='lat' dir='ltr'>anno</span> <span class='ocrx_word' id='word_1_195' title='bbox 273 2146 338 2186; x_wconf 82' lang='lat'>90.</span> <span class='ocrx_word' id='word_1_196' title='bbox 371 2145 454 2186; x_wconf 72' lang='lat'>(564</span> <span class='ocrx_word' id='word_1_197' title='bbox 485 2151 568 2200; x_wconf 89' lang='lat' dir='ltr'>ipse</span> <span class='ocrx_word' id='word_1_198' title='bbox 600 2149 856 2192; x_wconf 83' lang='lat' dir='ltr'>interfuerat,</span> <span class='ocrx_word' id='word_1_199' title='bbox 890 2147 991 2185; x_wconf 88' lang='lat' dir='ltr'>Plut.</span> <span class='ocrx_word' id='word_1_200' title='bbox 1025 2148 1119 2185; x_wconf 82' lang='lat' dir='ltr'>Luc.</span> <span class='ocrx_word' id='word_1_201' title='bbox 1152 2145 1189 2197; x_wconf 71' lang='grc'>2</span> <span class='ocrx_word' id='word_1_202' title='bbox 1224 2152 1287 2186; x_wconf 88' lang='lat' dir='ltr'>aut</span> <span class='ocrx_word' id='word_1_203' title='bbox 1322 2147 1506 2185; x_wconf 81' lang='lat' dir='ltr'>uersibus</span> <span class='ocrx_word' id='word_1_204' title='bbox 1538 2153 1598 2185; x_wconf 90' lang='lat' dir='ltr'>aut</span> 
     </span>
     <span class='ocr_line' id='line_1_23' title="bbox 80 2214 1603 2266; baseline -0.002 -12"><span class='ocrx_word' id='word_1_205' title='bbox 80 2216 227 2254; x_wconf 85' lang='lat' dir='ltr'>Graece</span> <span class='ocrx_word' id='word_1_206' title='bbox 249 2221 315 2253; x_wconf 86' lang='lat' dir='ltr'>aut</span> <span class='ocrx_word' id='word_1_207' title='bbox 341 2215 477 2254; x_wconf 86' lang='lat' dir='ltr'>Latine</span> <span class='ocrx_word' id='word_1_208' title='bbox 496 2221 800 2266; x_wconf 81' lang='lat' dir='ltr'>persecuturum</span> <span class='ocrx_word' id='word_1_209' title='bbox 819 2228 917 2258; x_wconf 80' lang='lat' dir='ltr'>esse,</span> <span class='ocrx_word' id='word_1_210' title='bbox 936 2220 1040 2252; x_wconf 85' lang='lat' dir='ltr'>sorte</span> <span class='ocrx_word' id='word_1_211' title='bbox 1061 2219 1222 2253; x_wconf 85' lang='lat' dir='ltr'>coactus</span> <span class='ocrx_word' id='word_1_212' title='bbox 1244 2214 1392 2253; x_wconf 85' lang='lat' dir='ltr'>Graece</span> <span class='ocrx_word' id='word_1_213' title='bbox 1418 2215 1603 2253; x_wconf 75' lang='lat' dir='ltr'>historias</span> 
     </span>
     <span class='ocr_line' id='line_1_24' title="bbox 81 2282 1600 2333; baseline -0.001 -13"><span class='ocrx_word' id='word_1_214' title='bbox 81 2285 253 2333; x_wconf 80' lang='lat' dir='ltr'>scripsit.</span> <span class='ocrx_word' id='word_1_215' title='bbox 299 2289 407 2321; x_wconf 85' lang='lat' dir='ltr'>certe</span> <span class='ocrx_word' id='word_1_216' title='bbox 440 2282 536 2321; x_wconf 87' lang='lat' dir='ltr'>tales</span> <span class='ocrx_word' id='word_1_217' title='bbox 558 2282 795 2321; x_wconf 82' lang='lat' dir='ltr'>Plutarchus</span> <span class='ocrx_word' id='word_1_218' title='bbox 827 2284 960 2323; x_wconf 79' lang='lat' dir='ltr'>nouit,</span> <span class='ocrx_word' id='word_1_219' title='bbox 994 2284 1108 2319; x_wconf 82' lang='lat' dir='ltr'>cuius</span> <span class='ocrx_word' id='word_1_220' title='bbox 1140 2284 1222 2332; x_wconf 88' lang='lat' dir='ltr'>ipsa</span> <span class='ocrx_word' id='word_1_221' title='bbox 1255 2282 1377 2319; x_wconf 83' lang='lat' dir='ltr'>uerba</span> <span class='ocrx_word' id='word_1_222' title='bbox 1409 2282 1600 2332; x_wconf 89' lang='lat' dir='ltr'>adponam</span> 
     </span>
     <span class='ocr_line' id='line_1_25' title="bbox 82 2342 1602 2401; baseline -0.001 -14"><span class='ocrx_word' id='word_1_223' title='bbox 82 2349 189 2388; x_wconf 53' lang='lat' dir='ltr'>(Luc.</span> <span class='ocrx_word' id='word_1_224' title='bbox 216 2348 234 2386; x_wconf 83' lang='lat'>1</span> <span class='ocrx_word' id='word_1_225' title='bbox 264 2363 270 2386; x_wconf 91' lang='lat'>:</span> <span class='ocrx_word' id='word_1_226' title='bbox 305 2346 405 2399; x_wconf 77' lang='grc' dir='ltr'><em>περὶ</em></span> <span class='ocrx_word' id='word_1_227' title='bbox 437 2346 518 2400; x_wconf 75' lang='grc' dir='ltr'>μὲν</span> <span class='ocrx_word' id='word_1_228' title='bbox 549 2342 633 2387; x_wconf 78' lang='grc' dir='ltr'>οὖν</span> <span class='ocrx_word' id='word_1_229' title='bbox 664 2350 739 2401; x_wconf 82' lang='grc' dir='ltr'>τῆς</span> <span class='ocrx_word' id='word_1_230' title='bbox 770 2348 1030 2399; x_wconf 74' lang='grc' dir='ltr'><em>φιλολογίας</em></span> <span class='ocrx_word' id='word_1_231' title='bbox 1051 2344 1202 2386; x_wconf 73' lang='grc' dir='ltr'><em>αὐτοῦ</em></span> <span class='ocrx_word' id='word_1_232' title='bbox 1232 2344 1344 2399; x_wconf 77' lang='grc' dir='ltr'><em>πρὸς</em></span> <span class='ocrx_word' id='word_1_233' title='bbox 1374 2353 1465 2394; x_wconf 80' lang='grc' dir='ltr'><em>τοῖς</em></span> <span class='ocrx_word' id='word_1_234' title='bbox 1487 2347 1602 2399; x_wconf 76' lang='grc' dir='ltr'><em>εἰρη-</em></span> 
     </span>
     <span class='ocr_line' id='line_1_26' title="bbox 80 2410 1598 2466; baseline 0 -13"><span class='ocrx_word' id='word_1_235' title='bbox 80 2412 227 2466; x_wconf 77' lang='grc' dir='ltr'><em>μένοις</em></span> <span class='ocrx_word' id='word_1_236' title='bbox 258 2413 330 2454; x_wconf 70' lang='lat' dir='ltr'>nai</span> <span class='ocrx_word' id='word_1_237' title='bbox 360 2416 499 2454; x_wconf 80' lang='grc' dir='ltr'><em>ταῦτα</em></span> <span class='ocrx_word' id='word_1_238' title='bbox 531 2413 721 2466; x_wconf 75' lang='grc' dir='ltr'><em>λέγεται·</em></span> <span class='ocrx_word' id='word_1_239' title='bbox 758 2415 860 2455; x_wconf 73' lang='grc' dir='ltr'>νέον</span> <span class='ocrx_word' id='word_1_240' title='bbox 892 2412 999 2453; x_wconf 80' lang='grc' dir='ltr'><strong>ὄντα</strong></span> <span class='ocrx_word' id='word_1_241' title='bbox 1030 2410 1141 2465; x_wconf 75' lang='grc' dir='ltr'><strong><em>πρὸς</em></strong></span> <span class='ocrx_word' id='word_1_242' title='bbox 1167 2410 1398 2466; x_wconf 76' lang='grc' dir='ltr'><em>Ὁρτήσιον</em></span> <span class='ocrx_word' id='word_1_243' title='bbox 1428 2410 1505 2453; x_wconf 82' lang='grc' dir='ltr'>τὸν</span> <span class='ocrx_word' id='word_1_244' title='bbox 1538 2415 1598 2452; x_wconf 78' lang='grc' dir='ltr'>δι-</span> 
     </span>
     <span class='ocr_line' id='line_1_27' title="bbox 81 2478 1601 2534; baseline 0 -15"><span class='ocrx_word' id='word_1_245' title='bbox 81 2481 273 2532; x_wconf 79' lang='grc' dir='ltr'><em>κολόγον</em></span> <span class='ocrx_word' id='word_1_246' title='bbox 295 2481 366 2521; x_wconf 77' lang='grc' dir='ltr'>καὶ</span> <span class='ocrx_word' id='word_1_247' title='bbox 385 2483 611 2521; x_wconf 76' lang='grc' dir='ltr'><em>Σισεννᾶν</em></span> <span class='ocrx_word' id='word_1_248' title='bbox 632 2478 709 2522; x_wconf 80' lang='grc' dir='ltr'>τὸν</span> <span class='ocrx_word' id='word_1_249' title='bbox 728 2478 954 2534; x_wconf 75' lang='grc' dir='ltr'><em>ἱστορικὸν</em></span> <span class='ocrx_word' id='word_1_250' title='bbox 977 2480 1026 2521; x_wconf 80' lang='grc' dir='ltr'>ἐκ</span> <span class='ocrx_word' id='word_1_251' title='bbox 1044 2479 1222 2527; x_wconf 74' lang='grc' dir='ltr'><em>παιδιᾶς</em></span> <span class='ocrx_word' id='word_1_252' title='bbox 1243 2495 1363 2527; x_wconf 78' lang='grc' dir='ltr'><em>τινος</em></span> <span class='ocrx_word' id='word_1_253' title='bbox 1385 2479 1446 2527; x_wconf 75' lang='grc' dir='ltr'>εἰς</span> <span class='ocrx_word' id='word_1_254' title='bbox 1467 2490 1601 2519; x_wconf 85' lang='grc' dir='ltr'><em>σπου-</em></span> 
     </span>
     <span class='ocr_line' id='line_1_28' title="bbox 82 2544 1602 2602; baseline -0.001 -16"><span class='ocrx_word' id='word_1_255' title='bbox 82 2544 165 2599; x_wconf 77' lang='grc' dir='ltr'>δὴν</span> <span class='ocrx_word' id='word_1_256' title='bbox 196 2548 505 2601; x_wconf 79' lang='grc' dir='ltr'><em>προελθούσης</em></span> <span class='ocrx_word' id='word_1_257' title='bbox 537 2545 822 2602; x_wconf 78' lang='grc' dir='ltr'><em>ὁμολογῆσαι,</em></span> <span class='ocrx_word' id='word_1_258' title='bbox 855 2546 1150 2601; x_wconf 75' lang='grc' dir='ltr'><em>προθεμένων</em></span> <span class='ocrx_word' id='word_1_259' title='bbox 1181 2548 1345 2600; x_wconf 80' lang='grc' dir='ltr'><em>ποίημα</em></span> <span class='ocrx_word' id='word_1_260' title='bbox 1369 2546 1441 2586; x_wconf 81' lang='grc' dir='ltr'>καὶ</span> <span class='ocrx_word' id='word_1_261' title='bbox 1465 2546 1602 2597; x_wconf 76' lang='grc' dir='ltr'><em>λόγον</em></span> 
     </span>
     <span class='ocr_line' id='line_1_29' title="bbox 73 2610 1600 2668; baseline -0.001 -15"><span class='ocrx_word' id='word_1_262' title='bbox 73 2610 332 2667; x_wconf 78' lang='grc' dir='ltr'><em>Ἑλληνικόν</em></span> <span class='ocrx_word' id='word_1_263' title='bbox 362 2630 407 2654; x_wconf 82' lang='grc' dir='ltr'>τε</span> <span class='ocrx_word' id='word_1_264' title='bbox 439 2614 511 2655; x_wconf 82' lang='grc' dir='ltr'>καὶ</span> <span class='ocrx_word' id='word_1_265' title='bbox 535 2613 800 2668; x_wconf 78' lang='grc' dir='ltr'>Ῥωμαϊκὸν,</span> <span class='ocrx_word' id='word_1_266' title='bbox 842 2615 904 2662; x_wconf 80' lang='grc' dir='ltr'>εἰς</span> <span class='ocrx_word' id='word_1_267' title='bbox 934 2612 958 2654; x_wconf 77' lang='grc' dir='ltr'><em>ὅ</em></span> <span class='ocrx_word' id='word_1_268' title='bbox 988 2629 1028 2654; x_wconf 83' lang='grc' dir='ltr'>τι</span> <span class='ocrx_word' id='word_1_269' title='bbox 1059 2613 1117 2654; x_wconf 71' lang='grc' dir='ltr'>ὀὲν</span> <span class='ocrx_word' id='word_1_270' title='bbox 1148 2615 1260 2667; x_wconf 79' lang='grc' dir='ltr'><em>λάχῃ</em></span> <span class='ocrx_word' id='word_1_271' title='bbox 1291 2612 1486 2658; x_wconf 82' lang='grc' dir='ltr'>τούτων,</span> <span class='ocrx_word' id='word_1_272' title='bbox 1520 2610 1600 2652; x_wconf 73' lang='grc' dir='ltr'>τόν</span> 
     </span>
    </p>
   </div>
   <div class='ocr_carea' id='block_1_3' title="bbox 84 2768 1601 2925">
    <p class='ocr_par' dir='ltr' id='par_1_4' title="bbox 84 2768 1601 2925">
     <span class='ocr_line' id='line_1_30' title="bbox 163 2768 1601 2813; baseline -0.001 -11"><span class='ocrx_word' id='word_1_273' title='bbox 163 2768 197 2810; x_wconf 66' lang='grc'>’1)</span> <span class='ocrx_word' id='word_1_274' title='bbox 225 2772 340 2802; x_wconf 81' lang='lat' dir='ltr'>Natus</span> <span class='ocrx_word' id='word_1_275' title='bbox 366 2775 422 2802; x_wconf 82' lang='lat' dir='ltr'>est</span> <span class='ocrx_word' id='word_1_276' title='bbox 446 2776 532 2803; x_wconf 81' lang='lat' dir='ltr'>ante</span> <span class='ocrx_word' id='word_1_277' title='bbox 558 2773 768 2813; x_wconf 85' lang='lat' dir='ltr'>Pompeium</span> <span class='ocrx_word' id='word_1_278' title='bbox 800 2772 899 2813; x_wconf 78' lang='lat' dir='ltr'>(ante</span> <span class='ocrx_word' id='word_1_279' title='bbox 933 2784 964 2806; x_wconf 77' lang='lat' dir='ltr'>a.</span> <span class='ocrx_word' id='word_1_280' title='bbox 994 2773 1068 2803; x_wconf 86' lang='lat'><strong>106.</strong></span> <span class='ocrx_word' id='word_1_281' title='bbox 1096 2771 1192 2811; x_wconf 75' lang='lat'>648),</span> <span class='ocrx_word' id='word_1_282' title='bbox 1226 2771 1295 2801; x_wconf 82' lang='lat' dir='ltr'>fuit</span> <span class='ocrx_word' id='word_1_283' title='bbox 1326 2769 1457 2801; x_wconf 84' lang='lat' dir='ltr'>aedilis</span> <span class='ocrx_word' id='word_1_284' title='bbox 1489 2781 1521 2803; x_wconf 78' lang='lat' dir='ltr'>a.</span> <span class='ocrx_word' id='word_1_285' title='bbox 1548 2772 1601 2802; x_wconf 73' lang='lat'>79.</span> 
     </span>
     <span class='ocr_line' id='line_1_31' title="bbox 84 2825 1601 2868; baseline 0 -11"><span class='ocrx_word' id='word_1_286' title='bbox 84 2827 165 2866; x_wconf 74' lang='lat'><strong>675,</strong></span> <span class='ocrx_word' id='word_1_287' title='bbox 194 2830 341 2868; x_wconf 80' lang='lat' dir='ltr'>praetor</span> <span class='ocrx_word' id='word_1_288' title='bbox 366 2828 420 2858; x_wconf 85' lang='lat'>77.</span> <span class='ocrx_word' id='word_1_289' title='bbox 448 2828 525 2868; x_wconf 81' lang='lat'><strong>677,</strong></span> <span class='ocrx_word' id='word_1_290' title='bbox 553 2828 678 2859; x_wconf 86' lang='lat' dir='ltr'>consul</span> <span class='ocrx_word' id='word_1_291' title='bbox 704 2829 758 2860; x_wconf 74' lang='lat'>74.</span> <span class='ocrx_word' id='word_1_292' title='bbox 785 2829 865 2868; x_wconf 82' lang='lat'>680,</span> <span class='ocrx_word' id='word_1_293' title='bbox 899 2832 1056 2859; x_wconf 78' lang='lat' dir='ltr'>mortuus</span> <span class='ocrx_word' id='word_1_294' title='bbox 1083 2830 1139 2858; x_wconf 83' lang='lat' dir='ltr'>est</span> <span class='ocrx_word' id='word_1_295' title='bbox 1163 2828 1216 2859; x_wconf 79' lang='lat'>56.</span> <span class='ocrx_word' id='word_1_296' title='bbox 1244 2827 1320 2859; x_wconf 82' lang='lat'><strong>698.</strong></span> <span class='ocrx_word' id='word_1_297' title='bbox 1347 2825 1419 2857; x_wconf 89' lang='lat' dir='ltr'>uid.</span> <span class='ocrx_word' id='word_1_298' title='bbox 1447 2827 1524 2858; x_wconf 86' lang='lat' dir='ltr'>eius</span> <span class='ocrx_word' id='word_1_299' title='bbox 1549 2827 1601 2858; x_wconf 88' lang='lat' dir='ltr'>ui-</span> 
     </span>
     <span class='ocr_line' id='line_1_32' title="bbox 86 2882 851 2925; baseline 0.001 -12"><span class='ocrx_word' id='word_1_300' title='bbox 86 2887 159 2914; x_wconf 80' lang='lat' dir='ltr'>tam</span> <span class='ocrx_word' id='word_1_301' title='bbox 187 2894 242 2925; x_wconf 78' lang='lat' dir='ltr'>ap.</span> <span class='ocrx_word' id='word_1_302' title='bbox 271 2884 468 2914; x_wconf 82' lang='lat' dir='ltr'>Drumann.</span> <span class='ocrx_word' id='word_1_303' title='bbox 494 2882 566 2914; x_wconf 89' lang='lat' dir='ltr'>IIII</span> <span class='ocrx_word' id='word_1_304' title='bbox 594 2894 624 2925; x_wconf 87' lang='lat' dir='ltr'>p.</span> <span class='ocrx_word' id='word_1_305' title='bbox 656 2885 851 2916; x_wconf 76' lang='lat'><strong>120—174.</strong></span> 
     </span>
    </p>
   </div>
  </div>
 </body>
</html>
