1884 3213
228 181 252 222 8
852 174 1154 215 RELLIQVIAE

229 291 305 333 τὸν
346 292 395 333 ἐκ
441 292 598 345 Τροίας
637 287 910 344 κομισθέντα
948 284 1121 342 χρυσὸν
1159 284 1441 340 άντιθέντος,
1483 286 1624 328 εἵλετο
1674 284 1756 341 τὴν

227 360 460 413 βασιλείαν
491 356 514 399 ὁ
550 356 784 411 Νομήτωρ.
858 357 971 409 ἔχων
1012 348 1098 396 οὖν
1136 352 1159 395 6
1195 352 1424 409 Ἀμούλιος
1461 351 1513 396 τά
1555 353 1755 409 χρήματα

229 427 301 468 καὶ
333 426 471 468 πλέον
501 423 575 466 ἀπ’
610 422 761 466 αὐτῶν
783 423 1035 478 δυνάμενος
1064 425 1145 463 τοῦ
1180 421 1457 477 Νομήτορος,
1489 422 1571 477 τήν
1592 438 1638 464 τε
1669 425 1755 477 βα-

229 495 402 536 σιλείαν
440 491 647 547 ἀφείλετο
688 491 852 547 ῥαδίως
889 490 963 532 καὶ
1003 489 1287 544 φοβούμενος
1327 490 1377 532 ἐκ
1414 493 1491 545 τῆς
1527 488 1756 544 θυγατρὸς

229 560 369 603 αὐτοῦ
399 559 612 614 γενέσθαι
643 560 805 608 παῖδας
836 558 1002 613 ἱέρειαν
1040 559 1115 613 τῆς
1148 555 1319 607 Ἑστίας
1357 557 1602 612 ἀπέδειξεν,
1642 556 1786 611 ἄγα-5

228 645 314 684 μον
345 628 416 671 καὶ
450 628 683 682 παρθένον
714 626 782 669 άεὶ
811 625 1106 686 βιωσομένην.
1166 624 1335 680 ταύτην
1364 626 1410 667 οί
1436 625 1519 679 μὲν
1533 623 1684 679 Ἰλίαν,
1715 625 1762 667 οἱ

230 697 277 740 δὲ
303 696 438 750 Ῥέαν,
471 696 517 737 οἱ
544 695 592 737 δὲ
624 696 846 737 Σιλουΐαν
885 692 1166 749 ὀνομάζουσι.
1231 693 1441 748 Φωρᾶται
1481 693 1530 735 δὲ
1569 691 1663 748 μετ’
1703 690 1758 734 οὐ

230 762 375 807 πολὺν
414 765 580 818 χρόνον
622 766 797 805 κυοῦσα
841 760 961 816 παρὰ
1007 759 1085 803 τὸν
1130 763 1392 802 καθεστῶτα
1430 768 1526 810 ταῖς
1563 759 1758 803 Ἑστιάσι

234 832 384 887 νόμον.
447 833 521 873 καὶ
550 829 599 873 τὸ
630 831 713 886 μὲν
743 828 965 885 ἀνήκεστα
996 827 1053 884 μὴ
1085 833 1252 871 παθεῖν
1284 827 1427 883 αὐτὴν
1457 827 1483 883 ἡ
1515 831 1596 870 τοῦ
1627 830 1758 883 βασι-

232 901 340 949 λέως
388 899 596 953 θυγάτηρ
646 896 790 940 Ἀνθώ
835 897 1121 953 παρῃτήσατο
1176 898 1389 951 δεηθεῖσα
1431 898 1512 938 τοῦ
1564 895 1803 951 πατρός·ιυ

232 968 389 1021 εἴρχθη
421 966 469 1009 δὲ
502 967 575 1008 καὶ
607 966 783 1008 δίαιταν
805 962 922 1020 εἶχεν
943 963 1248 1019 ἀνεπίμικτον,
1281 963 1402 1014 ὅπως
1432 962 1490 1019 μὴ
1523 965 1658 1006 λάθοι
1687 979 1758 1005 τε-

232 1038 376 1077 κοῦσα
406 1032 484 1075 τὸν
512 1032 757 1089 Ἀμούλιον.
819 1034 938 1075 ἔτεκε
969 1032 1018 1074 δὲ
1050 1032 1131 1074 δύο
1164 1033 1325 1082 παῖδας
1354 1029 1602 1087 ὑπερφυεῖς
1630 1031 1755 1086 μεγέ-

233 1191 340 1227 οἶκον
365 1193 432 1227 τοῦ
458 1190 676 1245 Νεμέτορος
702 1188 953 1244 ἐπεβούλευσε
978 1191 1147 1245 ποιῆσαι,
1176 1192 1243 1225 τοῦ
1269 1203 1308 1225 τε
1328 1192 1442 1243 δικην
1455 1187 1640 1246 ὑποσχεῖν
1652 1187 1760 1246 φόβῳ

233 1238 297 1272 καὶ
325 1236 432 1281 ε”ρωτι
457 1235 505 1282 μή
535 1238 745 1293 παυθῆναί
766 1249 857 1271 ποτε
883 1237 950 1281 τῆς
980 1234 1110 1280 ἀρχῆς.
1159 1233 1463 1290 βουλευσάμενος
1496 1234 1537 1271 δε
1571 1236 1693 1270 ταῦτα
1718 1232 1758 1270 ἐκ

233 1284 376 1317 πολλοῦ
401 1283 551 1324 πρῶτον
567 1281 645 1339 μὲν
670 1281 738 1317 τὸν
755 1279 842 1316 υιὸν
868 1282 935 1316 τοῦ
961 1281 1177 1326 Νεμέτορος
1210 1282 1390 1333 Αἴγεστον
1422 1278 1506 1335 α’ρτι
1538 1279 1760 1332 γενειάζονα

234 1325 408 1384 φυλάξας
435 1327 534 1363 ἔνθα
541 1325 779 1382 ἐκυνηγέτει
797 1347 841 1352 -—-
858 1323 1078 1361 ἀποκτείνει
1102 1327 1167 1360 καὶ
1184 1323 1445 1381 παρεσκεύασε
1465 1326 1646 1371 λέγεσθαι
1664 1339 1760 1370 μετα

234 1373 274 1407 τὸ
308 1372 416 1417 ε”ργον
451 1369 499 1413 ὥς
530 1370 606 1408 ὑπὸ
639 1374 780 1419 λῃστῶν
812 1369 1042 1416 ἀναιρεθείη
1075 1369 1115 1406 τὸ
1149 1370 1360 1415 μειράκιον
1409 1373 1540 1413 (eadem
1564 1374 1657 1415 apud
1679 1374 1761 1405 Dio-

234 1432 304 1452 mm
328 1421 374 1461 fr
401 1422 506 1459 4,12‚
534 1421 590 1452 ubi
614 1421 780 1461 Aefflesles·
800 1421 891 1460 filiu-s·
916 1421 1119 1460 appellatur.
1172 1420 1222 1450 De
1249 1430 1287 1451 eo
1313 1420 1393 1451 nihil
1417 1420 1511 1459 apud
1536 1419 1760 1453 Plutarchum.

236 1466 357 1497 θ”ηὸιιιε
381 1471 490 1497 tamen
524 1467 750 1519 Dionyssitmus
779 1465 874 1505 infra
901 1466 1007 1506 1).15
1033 1476 1064 1496 ιι
1090 1466 1132 1496 23
1158 1464 1363 1496 Numitorem
1387 1465 1550 1496 (licentem
1577 1464 1663 1504 facit
1699 1474 1761 1504 ορ-

235 1506 362 1560 φανὸν
395 1507 438 1543 δε
471 1509 615 1543 τέκνων
641 1507 774 1565 ἔθηκε
813 1510 1002 1550 (Amulius),
1037 1503 1103 1541 τὸν
1134 1519 1203 1548 μεν
1229 1503 1290 1541 ἐπὶ
1321 1503 1428 1554 θήρᾳ
1460 1503 1588 1550 κρύφα
1615 1507 1762 1551 διαχει-

234 1550 447 1597 ρισάμενος,
474 1551 544 1597 τὴν
570 1549 608 1587 6'
634 1550 675 1588 ἐν
701 1552 828 1597 εἷρκτῃ
854 1551 1065 1607 δεδεμένην
1092 1550 1307 1608 φυλάττων,
1331 1556 1419 1586 unde
1438 1554 1574 1586 habitem
1591 1555 1657 1606 filii
1673 1565 1761 1585 mov-

235 1607 298 1633 tem
320 1602 473 1642 plmibus
498 1611 680 1633 enarrasse
705 1601 877 1654 adparet)
904 1617 947 1622 —
969 1593 1133 1642 Ἀμόλιος
1158 1595 1201 1632 δὲ
1227 1595 1273 1631 τὰ
1299 1598 1367 1632 τοῦ
1392 1598 1593 1640 μειρακίου
1619 1594 1761 1631 ὑπολα-

235 1641 310 1697 βιὸν
330 1643 537 1698 λεληθέναι
555 1642 720 1697 δεύτερα
733 1639 826 1678 τάδε
844 1640 984 1677 ἐποίει
1013 1643 1083 1686 τὴν
1101 1642 1300 1686 θυγατέρα
1318 1643 1384 1677 τοῦ
1403 1641 1620 1699 Νεμέτορος
1634 1639 1760 1679 Ἰλίαν,

235 1685 282 1728 ὡς
310 1687 354 1722 δέ
378 1701 479 1727 τινες
504 1685 694 1745 γράφουσι
712 1685 823 1722 Ρέαν
852 1685 994 1732 ὄνομα,
1033 1688 1218 1722 Σιλουΐαν
1256 1684 1294 1721 δ’
1333 1685 1543 1742 ἐπίκλησιν,
1581 1684 1623 1722 έν
1658 1683 1760 1743 άκμῇ

235 1731 369 1789 γάμου
383 1733 593 1777 γενομένην
619 1731 765 1777 ἷέρειαν
790 1716 1067 1768 α’ποδείκνυσιν
1087 1730 1256 1774 Εστίας,
1289 1730 1338 1772 ὡς
1368 1731 1419 1777 μὴ
1452 1729 1585 1776 τάχιον
1612 1731 1665 1773 εἰς
1696 1731 1762 1766 άν-

236 1777 326 1820 δρὸς
352 1776 522 1813 ἐλθοῦσα
548 1778 636 1824 τέκῃ
669 1791 853 1822 τιμωρους
886 1779 934 1825 τῷ
966 1777 1080 1822 γένει.
1128 1782 1206 1812 dein
1242 1782 1284 1812 (Ie
1316 1784 1420 1821 patre
1453 1781 1655 1821 geminorum
1690 1784 1761 1811 tres

234 1826 370 1865 fabulae
394 1827 629 1866 prostrantur,
659 1837 797 1867 quarum
823 1828 936 1866 ίι7ίια,
963 1837 1059 1868 quam
1083 1826 1116 1857 in
1140 1836 1234 1868 seqq.
1260 1837 1294 1857 ιη
1317 1826 1436 1866 primis
1459 1828 1611 1867 seffquztur
1635 1825 1761 1865 Diony-

235 1882 315 1908 xzus,
341 1871 489 1902 nartem
512 1876 646 1912 patrem
671 1872 762 1905 dicit
812 1871 894 1903 haec
919 1875 1027 1902 autem
1051 1871 1151 1902 babiz·
1174 1875 1262 1903 er.ac
1290 1888 1330 1892 —
1356 1871 1453 1902 Filiis
1483 1871 1583 1902 editis
1614 1869 1686 1911 (78)
1713 1866 1763 1908 ὥς

236 1912 307 1957 τὴν
333 1910 486 1958 γνώμην
520 1914 585 1947 τοῦ
619 1912 800 1966 βασιλέως
839 1913 989 1967 ἔμαθον
1021 1926 1056 1947 οι
1088 1913 1264 1967 συνέδροι
1295 1913 1368 1969 (qui
1391 1917 1433 1947 de
1457 1916 1585 1947 incestu
1616 1915 1763 1947 Vestalis

236 1963 421 1992 sententias
441 1961 634 2015 serebant),
660 1955 906 2002 ἀπαιρητήτω
938 1955 1045 2010 ὁρμῇ
1064 1957 1260 2011 χρωμένην
1293 1955 1526 1993 ἐδικαίωσαν
1557 1961 1623 1992 καὶ
1649 1954 1761 1993 αὐτοὶ

236 2000 415 2055 καθάπερ
433 2015 578 2043 εκεινος
595 1999 707 2048 ἠξίου
733 2004 916 2055 χρῆσθαι,
927 2004 978 2049 τῷ
1001 1999 1104 2045 νόμῳ
1128 2001 1323 2038 κελεύοντι
1349 2001 1419 2048 τὴν
1436 2016 1507 2059 μεν
1525 1999 1763 2056 αἰσχύνασαν

236 2046 276 2083 τὸ
304 2050 409 2092 σῶμα
436 2045 594 2100 ῥάβδοις
621 2048 868 2083 αἰκισθεῖσαν
895 2044 1133 2102 αποθανείν,
1167 2046 1208 2082 τὸ
1241 2046 1283 2083 δε
1312 2046 1510 2102 γεννηθεν
1544 2047 1597 2105 {¹39
1623 2045 1665 2082 τὸ
1691 2049 1761 2083 τοῦ

235 2094 410 2138 ποταμοῦ
436 2090 652 2148 βάλλεσθαι
676 2091 849 2147 ρειθρον.
877 2113 919 2116 —
945 2097 998 2127 79.
1027 2091 1153 2136 ,Μέχρι
1178 2106 1223 2145 με
1228 2106 1248 2127 ν
1275 2092 1323 2137 δὴ
1356 2091 1496 2127 τούτων
1528 2090 1568 2127 οἷ
1589 2095 1761 2127 πλειστοι

237 2140 311 2172 τῶν
337 2138 585 2193 συγγραφέων
611 2152 658 2173 τα
685 2136 782 2172 αυτοὶ
809 2133 832 2181 ἢ
847 2135 992 2193 μικρὸν
1017 2135 1346 2191 παραλλάττοντες
1374 2136 1418 2194 ,οἷ
1446 2135 1515 2191 μὲν
1541 2134 1603 2173 ἐπὶ
1627 2136 1668 2172 τὸ
1682 2151 1762 2192 μυ-

237 2182 480 2241 θωδέστερον
504 2186 658 2224 (Fabium
683 2187 792 2238 dicit),
819 2196 855 2217 οι
881 2179 917 2217 δ’
946 2179 1007 2217 ἐπὶ
1034 2180 1075 2216 τὸ
1102 2184 1144 2227 τῇ
1171 2179 1346 2240 ἀληθεία
1367 2180 1490 2222 ἐοικὸς
1508 2183 1652 2236 μᾶλλον
1669 2179 1760 2217 ἄπο-

239 2230 435 2272 φαίνουσι,
462 2229 547 2270 περι
573 2227 615 2263 δε
641 2229 714 2263 τῶν
734 2225 820 2271 ἑξῆς
847 2225 1192 2284 διαφέρονται.οι
1214 2241 1285 2271 μεν
1304 2225 1376 2282 γὰρ
1403 2224 1525 2267 εὐθὺς
1551 2223 1762 2282 άναιρεθῆ

238 2287 300 2308 ναι
328 2273 488 2326 λέγουσι
505 2271 575 2317 τὴν
601 2270 729 2317 κόρην,
757 2286 792 2307 οι
819 2269 857 2307 δ’
885 2269 926 2307 έν
953 2271 1079 2315 ειρκτῇ
1106 2271 1401 2317 φυλαττομένην
1415 2269 1560 2328 ἀδήλῳ
1592 2272 1760 2308 διατελέ-

237 2330 300 2370 σαι
320 2315 440 2372 δόξαν
467 2315 642 2362 άφανοῦς
667 2316 844 2353 θανάτου
871 2319 919 2362 τῷ
947 2317 1054 2362 δήμῳ
1071 2319 1355 2370 παρασχοῦσαν.
1407 2309 1697 2371 ἐπικλασθῆναι
1718 2316 1760 2352 δὲ

238 2361 302 2397 τὸν
327 2360 492 2415 Ἀμόλιον
518 2363 571 2406 εἰς
596 2364 706 2398 τοῦτο
732 2361 973 2415 ἱκετευούσης
999 2363 1065 2406 τῆς
1089 2365 1167 2420 θυγ
1173 2360 1286 2406 ατρὸς
1318 2364 1566 2420 χαρίσασθαι
1579 2362 1650 2407 τὴν
1674 2358 1760 2397 άνε

237 2407 335 2449 ψιὰν
366 2404 479 2461 αυτῇ·
519 2408 616 2463 ἦσαν
652 2407 695 2442 δε
722 2405 932 2462 σύντροφοί
967 2420 1005 2441 τε
1043 2408 1107 2441 καὶ
1145 2406 1299 2460 ηλικιάν
1337 2407 1508 2461 ε”χουσαι
1526 2420 1608 2459 την
1639 2403 1760 2460 αυτήν

238 2450 517 2508 ἀσπαζόμεναί
527 2465 565 2487 τε
591 2451 758 2491 ἀλλήλας
784 2451 833 2492 ὡς
859 2450 1046 2503 άὸελφάς
1084 2450 1333 2508 χαριζόμενον
1350 2445 1419 2487 οὖν
1437 2449 1555 2508 vairp
1572 2449 1637 2487 τὸν
1659 2448 1759 2496 Ἀμό-

238 2502 328 2537 λιον,
355 2495 451 2542 μόνη
479 2495 517 2531 δ’
544 2492 591 2542 ἦν
609 2493 706 2543 αὐτῇ
730 2494 919 2553 θυγάτηρ,
938 2493 1117 2532 θανάτου
1141 2510 1210 2542 μεν
1235 2495 1426 2533 απολῦσαι
1444 2494 1514 2550 τὴν
1528 2495 1657 2550 Ἰλίαν,
1685 2510 1757 2541 φυ-

239 2541 388 2578 λάττειν
405 2543 448 2578 δε
468 2535 731 2586 καθείρξαντα
757 2539 797 2577 ἐν
814 2541 975 2586 άφανεί·
1003 2543 1172 2587 λυθῆναι
1191 2541 1234 2578 δὲ
1253 2539 1374 2588 αὐτὴν
1400 2539 1475 2577 tivo}
1502 2539 1639 2587 χρόνον
1662 2541 1760 2586 Ἀμο-

355 2693 388 2728 1.
419 2687 650 2737 άντιθέντος
679 2693 773 2729 Par.
807 2694 838 2728 Λ
870 2704 953 2729 cum
987 2693 1199 2739 Selmesero
1229 2687 1498 2736 άντιτιθέντος
1530 2694 1631 2740 ιιιιῖῃ.

240 2749 275 2783 3.
309 2752 379 2785 τοῦ
409 2747 636 2798 Νομήτορος
668 2762 736 2786 om.
779 2750 874 2785 Bar.
907 2750 967 2785 ab
1141 2750 1176 2785 7.
1209 2744 1252 2785 δὲ
1281 2743 1382 2796 αὐτὴ
1413 2749 1510 2785 Βαν.
1543 2749 1605 2784 ab

241 2804 276 2838 7.
310 2805 346 2839 Η.
379 2801 459 2851 μετ’
495 2801 541 2841 οὐ
572 2801 672 2841 πολὺ
706 2807 801 2842 Bar.
834 2818 856 2840 a
876 2806 896 2841 Ι)
1055 2805 1092 2841 8.
1124 2801 1231 2854 παρὰ
1269 2801 1337 2841 τὸν
1367 2801 1644 2854 ἐγκαθεστῶτα
1675 2808 1758 2849 ταῖς

241 2854 387 2894 ἕσιτάσι
420 2858 539 2908 νόμον
567 2859 719 2898 κύουσα
750 2862 842 2898 Par.
876 2860 907 2896 C
1077 2862 1139 2897 11.
1170 2857 1288 2897 λάθοι
1330 2862 1414 2900 Vcct.
1464 2857 1571 2910 λάθῃ
1600 2863 1700 2909 uuly.
