1884 3213
241 219 421 249 CCCXXX
563 209 627 240 DE
655 208 967 242 SCRIPTORVM
995 208 1120 240 VITIS
1146 208 1209 240 ET
1236 208 1452 242 SCRIPTIS

238 325 360 374 igitur
383 323 542 362 uidetur
565 322 612 361 ad
635 335 668 361 a.
693 319 759 361 82.
784 319 878 361 672.
910 335 1005 361 num
1025 324 1143 361 etiam
1165 323 1269 362 ultra
1294 323 1331 361 id
1355 328 1510 375 tempus
1531 336 1768 375 progressus

239 393 285 429 sit
311 391 490 435 Sisenna,
526 391 753 429 testimonia
785 390 940 429 desunt.
982 402 1122 429 uerum
1147 395 1278 429 tamen
1301 391 1356 430 nil
1379 390 1522 436 obstat,
1555 394 1768 444 quominus

238 471 327 496 eum
351 471 474 510 usque
507 458 554 497 ad
585 463 755 497 mortem
779 458 925 503 Sullae,
959 459 1074 496 cuius
1105 470 1171 497 res
1201 470 1291 497 eum
1313 460 1461 510 optime
1485 465 1521 498 et
1546 460 1768 510 diligentis-

237 528 335 565 sime
359 527 569 577 scripsisse
593 526 803 565 Sallustius
837 525 934 576 (lug.
958 523 1024 571 95,
1046 523 1086 578 2)
1111 526 1221 570 dicit,
1252 527 1486 577 peruenisse
1509 527 1765 567 arbitremur.

237 593 410 632 absoluit
434 596 539 632 enim
563 593 712 633 librum
736 607 850 633 suum
875 594 1021 632 Velleio
1046 591 1084 643 (l.
1108 607 1138 632 s.
1163 594 1203 645 1.)
1237 598 1336 632 teste
1359 595 1438 632 iam
1461 596 1640 640 ‘senior',
1673 607 1767 646 ergo

236 667 323 713 post
348 661 480 701 Sullae
513 667 702 707 mortem,
737 675 815 714 quo
846 668 1027 713 tempore
1050 673 1249 700 summum
1270 661 1530 712 quadraginta
1553 675 1621 701 sex
1643 675 1767 702 annos

237 729 482 780 expleuerat.
525 731 656 781 itaque
695 732 783 769 ueri
816 729 946 768 simile
980 735 1037 768 est
1069 742 1160 768 eum
1192 729 1324 768 Sullae
1357 729 1617 775 dictaturam,
1650 743 1767 782 quam

236 797 495 836 inchoauerat
530 797 593 847 (fr.
622 795 728 849 1325«,
762 798 809 836 ad
841 800 959 836 linem
991 797 1239 848 perduxisse.
1302 797 1547 850 Quamquam
1579 798 1666 837 fieri
1697 811 1766 850 po-

237 866 309 903 tuit
324 872 337 909 ,“
377 870 417 903 ut
450 867 527 903 iam
560 866 626 904 diu
659 866 850 905 historiae
884 865 1119 904 scribendae
1160 865 1372 904 consilium
1405 871 1566 917 caperet
1598 865 1764 905 bellum-

235 946 312 983 que
343 933 558 972 Marsicum
590 935 722 972 statim
756 940 961 985 postquam
994 929 1222 972 consectum
1254 937 1333 977 est,
1374 933 1553 972 scribere
1589 935 1765 973 animum

236 1000 459 1039 induc-eret.
494 1007 609 1053 atque
633 1003 769 1041 nescio
802 1014 850 1040 an
883 1014 971 1040 cum
994 1001 1069 1040 hoe
1102 1001 1188 1039 eius
1210 1001 1380 1040 consilio
1403 1001 1626 1046 cohaereat,
1660 1001 1766 1053 quod

234 1081 336 1106 auno
377 1070 462 1107 sere
502 1067 568 1108 88.
602 1067 684 1108 666
717 1069 833 1119 (Roth
865 1083 901 1120 p.
935 1068 973 1120 5)
1013 1068 1204 1107 Lucullus
1242 1068 1456 1107 Hortensio
1493 1068 1765 1120 Sisennaeque

234 1133 284 1175 ἐκ
322 1133 502 1182 παιδιᾶς
540 1150 660 1183 τινος
700 1135 760 1183 εἰς
799 1132 1004 1187 σπουδὴν
1043 1132 1356 1187 προελθούσης
1392 1136 1597 1188 pollicitus
1634 1142 1692 1176 est
1723 1149 1764 1176 se

234 1203 381 1243 bellum
403 1204 617 1243 Marsicum
639 1217 710 1243 seu
733 1205 883 1243 Graece
906 1216 976 1242 seu
998 1203 1148 1248 Latine,
1182 1216 1252 1242 seu
1274 1204 1461 1243 uersibus
1484 1217 1553 1243 seu
1585 1206 1764 1243 oratione

232 1271 409 1322 pedestri
441 1274 714 1323 expositurum
748 1285 833 1311 esse
868 1270 932 1322 (ef.
966 1285 1086 1323 supra
1116 1285 1153 1323 p.
1188 1271 1446 1324 CCLXXXV).
1502 1284 1599 1311 caue
1629 1277 1764 1311 tamen

232 1339 338 1384 inde*
365 1352 455 1378 cum
487 1340 656 1379 Krausio
689 1340 923 1385 concludas,
966 1353 1055 1379 eum
1094 1342 1270 1391 primum
1312 1339 1440 1378 solum
1480 1339 1630 1379 bellum
1661 1341 1762 1379 Mar-

232 1408 358 1445 sicum
392 1413 602 1452 tractasse,
636 1414 719 1447 tum
752 1421 771 1446 a
804 1414 914 1447 sexto
937 1408 1041 1447 libro
1064 1409 1284 1452 seniorem,
1319 1407 1392 1446 hoc
1416 1413 1475 1446 est
1498 1408 1623 1447 ferme
1647 1410 1762 1460 quin—

231 1476 519 1526 quagenarium
554 1474 731 1526 (circiter
763 1489 796 1515 a.
830 1473 896 1515 69.
929 1473 1048 1527 685),
1082 1475 1230 1514 bellum
1263 1475 1383 1515 ciuile
1416 1475 1635 1514 Sullanum.

344 1544 541 1589 Quoniam
573 1557 671 1594 quae
704 1544 922 1595 conplexus
954 1545 1005 1582 sit
1037 1543 1206 1582 Sisenna
1238 1542 1353 1581 libris
1385 1544 1479 1588 suis,
1512 1543 1642 1595 quoad
1674 1544 1762 1583 fieri

231 1612 381 1661 potuit,
416 1611 735 1662 explanauimus,
770 1613 845 1650 iam
868 1611 1146 1660 intellegemus
1169 1610 1384 1655 Velleium,
1417 1611 1486 1662 qui
1518 1611 1639 1662 ‘opus
1665 1610 1762 1650 belli

232 1678 365 1716 ciuilis
414 1678 669 1729 Sullanique'
719 1692 737 1717 a
785 1679 951 1718 Sisenna
997 1678 1147 1717 editum
1193 1691 1278 1717 esse
1325 1679 1486 1729 scripsit
1534 1676 1627 1728 (nisi
1670 1691 1759 1718 eum

230 1745 406 1784 Manutio
429 1751 557 1785 mutas
582 1746 701 1785 belli
737 1747 912 1785 ciuilis
944 1745 1184 1798 Sullani),
1218 1747 1351 1784 minus
1373 1745 1561 1785 adcurate
1582 1746 1761 1786 locutum

231 1826 339 1857 esse,
373 1826 461 1852 cum
497 1820 563 1853 aut
594 1814 744 1852 bellum
777 1814 924 1853 sociale
956 1826 1026 1852 seu
1055 1813 1269 1853 Marsicum
1302 1813 1470 1852 ‘ciuile'
1503 1813 1655 1853 diceret
1689 1813 1760 1865 (sie

231 1886 388 1931 praeter
421 1881 520 1919 alios
551 1881 661 1920 Kritz
695 1881 786 1920 Sall.
820 1881 910 1920 hist.
943 1882 991 1920 [Γ.
1015 1880 1138 1925 XVII,
1172 1881 1319 1919 Linkcr
1350 1880 1450 1919 Sall.
1473 1881 1562 1919 hist.
1581 1892 1757 1930 prooem.

230 1961 270 1999 p.
298 1945 361 1997 12)
396 1956 460 1987 aut
494 1948 641 1987 bellum
666 1948 873 1987 Sullanum
899 1948 950 1993 id,
984 1948 1087 1999 quod
1119 1953 1257 1987 contra
1278 1948 1549 1987 Mithridatem
1574 1950 1614 1988 in
1637 1949 1758 1989 Grae-

231 2017 292 2053 cia
314 2017 483 2067 Asiaque
515 2022 671 2065 gestum
695 2022 765 2061 est,
798 2018 1040 2054 mentionem
1072 2016 1168 2054 belli
1201 2016 1374 2060 socialis,
1408 2015 1512 2067 quod
1545 2018 1656 2067 quasi
1688 2029 1759 2068 per

230 2085 480 2134 prooemium
512 2083 629 2122 libris
662 2083 791 2122 tribus
824 2083 887 2122 uel
927 2088 1113 2134 ‹piattuor
1152 2085 1367 2134 transegit,
1407 2085 1595 2123 omittens
1628 2083 1759 2134 (Riese

228 2164 264 2201 p.
299 2148 380 2200 54).

342 2217 396 2256 De
429 2219 619 2257 Sisennae
653 2218 752 2258 side
784 2220 959 2257 auctoris
991 2218 1298 2270 locupletissimi
1321 2220 1593 2258 testimonium
1617 2225 1755 2264 exstat,

229 2285 428 2330 Sallustii,
469 2287 536 2337 qui
580 2287 619 2325 in
653 2285 758 2324 hello
795 2286 975 2336 Iugurth.
1009 2283 1081 2330 95,
1122 2284 1168 2331 2,
1210 2265 1314 2337 ‹11anst
1355 2286 1402 2324 de
1442 2286 1575 2325 Sullae
1614 2292 1757 2326 natura

230 2354 468 2404 ingenioque
501 2366 624 2404 [rauca
658 2356 932 2404 proposuerit,
967 2354 1020 2391 ita
1053 2359 1229 2392 excusat:
1269 2353 1401 2402 Neque
1431 2355 1533 2392 enim
1563 2355 1643 2392 alio
1672 2356 1757 2394 loco

229 2421 277 2458 cle
308 2420 445 2459 Sullae
474 2422 592 2459 rebus
623 2422 774 2459 dictur-l
800 2432 953 2468 sumus,
996 2426 1031 2458 el
1061 2421 1105 2459 L.
1137 2420 1353 2460 Sisenna
1385 2426 1579 2470 optume
1608 2426 1652 2460 et
1683 2422 1755 2459 di-

227 2488 565 2536 le'qenlz'sse'me
611 2490 819 2527 omnium
870 2490 954 2537 qui
998 2499 1080 2526 eas
1125 2501 1206 2527 res
1245 2489 1423 2528 discere
1457 2493 1756 2537 persecutus

222 2566 398 2603 parum
443 2557 563 2596 mihi
604 2556 765 2595 libero
811 2567 893 2594 ore
938 2557 1133 2594 loculus
1177 2553 1434 2607 uidelur.¹)
1509 2556 1753 2607 Quamquam

322 2734 345 2775 ¹)
371 2735 501 2767 Mirum
532 2739 586 2768 est
619 2734 714 2777 quod
740 2734 895 2767 Gerlach
921 2734 1008 2766 Sall.
1035 2735 1106 2767 uol.
1131 2736 1185 2767 III
1212 2747 1244 2777 p.
1269 2736 1312 2767 48
1343 2735 1431 2767 haee
1461 2736 1573 2767 uerba
1603 2735 1657 2767 ita
1682 2745 1752 2767 non

228 2790 434 2830 intellexit,
462 2795 501 2822 ut
527 2791 740 2824 Sallustium
767 2791 803 2822 in
829 2790 994 2822 historiis
1019 2791 1223 2823 scribendis
1248 2791 1286 2823 id
1312 2792 1433 2833 egisse
1459 2791 1687 2833 opinaretur,
1713 2794 1754 2822 ut

229 2846 403 2877 Sisennae
430 2847 560 2879 librum
587 2847 831 2881 continuaret.
880 2846 944 2878 sed
971 2847 1064 2877 satis
1089 2857 1168 2878 eum
1203 2848 1274 2878 iam
1305 2846 1562 2879 refutauerunt
1586 2847 1688 2878 Kritz
1714 2847 1752 2877 in

228 2901 385 2943 praefat.
414 2902 458 2934 ad
484 2901 572 2937 Sall.
599 2904 641 2935 fr.
666 2903 770 2935 XVII
795 2907 831 2935 et
855 2902 994 2934 Linker
1018 2901 1040 2933 l.
1066 2913 1093 2934 s.
1118 2914 1150 2943 p.
1180 2904 1228 2934 12.
1259 2919 1299 2925 -—
1326 2902 1517 2934 Sisennam
1544 2902 1655 2935 etiam
1679 2901 1751 2935 alio
