1884 3213
252 206 487 236 eccxxxw
611 197 676 228 nn
703 195 1014 229 SCRIPTORVM
1038 196 1168 229 vrrxs
1194 195 1256 227 ET
1283 194 1502 228 sommis

247 312 296 349 lll
330 317 362 349 et
398 310 469 349 IIII
501 312 633 355 nouit,
668 316 754 355 aut,
788 310 890 361 quod
923 311 1011 349 ueri
1044 309 1215 348 similius
1247 308 1369 354 duco,
1402 308 1545 348 horum
1577 309 1772 348 librorum

240 380 549 417 conmentarios.
612 378 659 417 de
700 378 775 416 fide
815 383 946 417 tamen
986 377 1204 417 uerborum
1245 377 1294 416 ab
1333 390 1379 415 eo
1418 379 1774 430 transscriptorum

246 447 505 485 uehementer
537 446 800 485 dubitandum
832 452 905 485 est.
967 458 1056 485 nam
1096 447 1137 484 in
1169 447 1226 484 eis
1258 444 1389 483 tribus
1420 446 1634 497 exemplis,
1674 458 1773 497 quae

244 514 375 552 (lollio
409 513 528 552 dehet
562 512 620 564 (ex
654 514 800 565 quibus
822 526 967 557 unum,
1001 515 1049 552 fr.
1077 510 1167 554 127.
1202 513 1265 551 bis
1286 513 1454 565 posuit),
1488 526 1610 552 unum
1635 526 1773 553 nume-

242 595 330 620 rum
364 584 527 620 omnino
565 584 699 620 omisit
733 582 845 632 (Non.
878 595 916 633 p.
953 579 1029 619 187
1064 582 1111 620 fr.
1148 578 1263 632 127),
1303 581 1401 619 duos
1440 583 1641 632 corrupit,
1683 594 1772 620 eum

242 662 313 701 pro
356 650 414 688 Γ]
443 651 578 701 priore
619 650 707 689 loco
746 648 944 688 scriberet
983 650 1018 687 V
1050 646 1162 698 (Non.
1195 661 1232 699 p.
1266 646 1317 686 87
1351 650 1400 688 l'r.
1436 646 1550 701 126),
1591 649 1715 689 altero
1753 650 1778 688 I

248 717 359 756 f'Non.
393 731 430 769 p.
468 715 545 756 168
578 719 627 756 sr.
665 715 771 770 127).
805 719 856 757 cs.
890 729 1008 768 supra
1041 730 1077 768 p.
1108 715 1241 754 LXIII.

354 785 467 836 Apud
501 786 600 824 alios
631 787 851 837 scriptores
888 797 1086 836 perpauca
1125 785 1294 822 notitiae
1326 783 1586 823 Sisennianae
1626 784 1775 824 indicia

247 854 451 904 adparent.
495 853 704 891 Seruius
736 855 841 891 enim
874 852 1005 891 tribus
1038 852 1136 891 locis
1170 850 1233 901 (ΓΡ.
1269 850 1304 890 1.
1337 850 1376 889 2.
1407 850 1447 904 4)
1482 854 1523 890 in
1554 851 1675 891 rebus
1706 866 1773 892 an—

244 923 367 972 tiquis
399 921 588 959 Romanis
621 922 812 959 Sisennae
845 922 1084 959 auctoritate
1116 921 1255 963 utitur,
1295 919 1582 958 Macrobius
1614 920 1677 959 bis
1710 919 1773 970 (l'r.

245 988 282 1028 7.
307 987 346 1041 Β)
381 991 467 1027 eius
499 989 623 1027 uerba
655 989 844 1040 quaedam
878 1002 922 1027 ex
947 988 1052 1027 libro
1083 988 1138 1032 II,
1172 1001 1294 1026 unuln
1326 988 1457 1026 locum
1480 1001 1526 1026 ex
1550 988 1655 1026 libro
1678 989 1774 1027 duo-

242 1057 398 1095 decimo
433 1044 494 1106 (sl'r.
532 1055 623 1105 1:31)
658 1057 980 1100 Priscianus,
1015 1056 1186 1106 denique
1217 1068 1337 1094 unum
1372 1056 1585 1094 loannes
1616 1056 1775 1107 Lydus

243 1126 507 1175 inscriptione
547 1126 690 1163 omissa
736 1124 797 1167 (fr.
842 1123 931 1177 1:33>
974 1125 1127 1163 citauit.
1190 1124 1253 1162 hie
1291 1130 1422 1162 tamen
1462 1125 1545 1174 ipse
1585 1124 1789 1163 Sisennae»

244 1191 392 1230 librum
426 1205 467 1230 se
499 1193 648 1231 uidisse
682 1190 857 1243 negat¹),
900 1192 1084 1244 idemque
1126 1193 1244 1230 etiam
1285 1191 1331 1230 dc
1370 1192 1460 1230 aliis
1491 1192 1773 1244 scriptoribus,

244 1273 342 1311 quos
376 1260 490 1297 modo
523 1262 843 1305 eomnemoraui,
878 1261 1009 1299 conici
1042 1257 1225 1311 potestst)

357 1328 403 1365 Vt
434 1340 534 1366 uero
567 1330 689 1367 totius
711 1328 904 1367 Sisennae
937 1328 1141 1366 doetrinae
1174 1332 1212 1365 et
1244 1327 1485 1365 eruditionis
1517 1334 1774 1379 conspectum

248 1396 436 1440 haberes,
478 1398 589 1447 quasi
622 1396 881 1435 corollarium
913 1395 1003 1434 dedi
1035 1400 1264 1434 ceterorum
1307 1396 1392 1433 eius
1429 1394 1628 1434 librorum
1669 1397 1774 1446 frag-

243 1469 395 1507 menta,
436 1465 612 1515 primum
652 1464 984 1508 Milesiarum,
1025 1476 1124 1514 quos
1162 1463 1288 1501 libros
1318 1486 1373 1490 —-—
1404 1464 1612 1502 mininnim
1644 1464 1774 1503 trede-

243 1533 321 1569 cim
351 1555 407 1558 ——
438 1531 610 1569 lasciuos
651 1537 690 1570 et
730 1533 917 1583 inpuros,
960 1544 1051 1570 eum
1082 1536 1258 1569 uerteret
1300 1543 1345 1569 ex
1377 1531 1529 1569 Graeco
1559 1531 1775 1571 Aristidem

243 1605 403 1638 secutus
437 1597 567 1649 (Ouid.
602 1601 707 1638 trist.
741 1600 776 1638 II
805 1597 923 1651 442),
957 1601 1099 1638 aetatis
1130 1611 1223 1637 suae
1255 1598 1422 1637 auribus
1453 1604 1490 1637 et
1523 1599 1672 1638 iudicio
1705 1599 1773 1638 oh-

244 1668 477 1718 temperauil
524 1665 618 1711 (uid.
660 1680 759 1705 mus.
794 1667 948 1705 lleluet.
991 1680 1028 1705 n.
1063 1667 1109 1704 Vl
1142 1680 1178 1718 p.
1212 1664 1320 1718 8)3)‚
1361 1666 1504 1705 deinde
1543 1680 1773 1706 conmen-

245 1736 488 1773 tariorum
530 1735 897 1777 l’lautinorum,
947 1747 990 1773 ex
1033 1734 1178 1786 quibus
1217 1734 1322 1772 idem
1362 1734 1465 1785 quod
1507 1747 1551 1772 ex
1594 1735 1775 1773 historiis

336 1880 360 1921 1)
394 1880 499 1920 Quod
526 1880 773 1912 Fenestellam
805 1884 915 1923 atque
944 1881 1133 1913 Sisennam
1165 1892 1185 1912 a
1212 1881 1374 1913 Varrone
1408 1881 1444 1912 in
1475 1880 1568 1913 libro
1601 1880 1643 1913 de
1668 1881 1775 1913 rebus

243 1937 410 1968 humanis
443 1932 522 1975 (ἐπὶ
549 1931 806 1978 ἀνθρωπίνων
832 1932 1081 1980 πραγμάτων)
1108 1937 1278 1969 laudatos
1304 1947 1385 1969 esse
1410 1936 1538 1978 Lydus
1569 1937 1679 1979 dixit,
1712 1948 1775 1969 ne-

244 1993 437 2036 glegenter
462 1996 667 2035 auctorem,
698 1993 761 2031 cui
786 1993 878 2025 haec
904 1993 1032 2032 debet,
1067 1993 1272 2035 exscripsit.
1321 1992 1535 2025 Fenestella
1567 1994 1661 2025 enim
1686 1994 1775 2027 Var-

245 2060 350 2090 rone,
376 2060 447 2081 non
474 2051 589 2082 Varro
614 2049 830 2081 Fenestella
856 2049 909 2080 uti
935 2050 1066 2091 potuit.

332 2106 358 2148 ²)
387 2106 427 2137 In
455 2106 497 2138 fr.
526 2107 690 2138 incertae
718 2105 816 2137 sedis
843 2105 985 2147 neglexi
1011 2115 1119 2136 unum
1146 2104 1281 2146 locum,
1310 2116 1413 2148 quem
1435 2105 1606 2147 adposuit
1630 2106 1772 2138 Krause

244 2174 276 2204 p.
305 2164 382 2197 317,
432 2162 524 2194 haec
551 2163 645 2194 enim
672 2165 757 2193 sunt
782 2161 958 2193 Varronis
983 2162 1094 2194 uerba
1120 2162 1214 2204 apud
1242 2162 1397 2195 Gellium
1426 2162 1458 2193 ΙΙ
1483 2163 1543 2203 25,
1570 2164 1605 2194 9:
1643 2163 1775 2194 Adsen-

246 2221 311 2250 tior
342 2224 451 2250 {lunen
479 2220 557 2259 fere
589 2229 701 2250 omnes
733 2219 857 2249 dieunt.
907 2218 1050 2249 Sisenna
1081 2229 1165 2249 unus
1199 2219 1394 2250 ‘adsentio’
1426 2220 1459 2250 in
1489 2223 1608 2249 senatu
1642 2219 1775 2251 dicebat

243 2281 276 2306 et
308 2287 378 2307 cum
406 2281 529 2316 postea
560 2276 653 2306 multi
680 2275 794 2306 secuti.
848 2274 1045 2315 eademque
1078 2274 1192 2306 refert
1217 2274 1466 2314 Quintilianus
1498 2275 1582 2309 inst.
1614 2275 1632 2306 Ι
1658 2276 1694 2312 5,
1723 2276 1774 2309 13.

245 2341 312 2362 sua
339 2335 459 2362 autem
485 2335 614 2373 sponte
642 2331 812 2372 adparet,
843 2330 935 2362 haee
960 2340 1031 2361 non
1058 2340 1164 2371 posse
1191 2331 1320 2362 referri
1345 2331 1392 2362 ad
1419 2330 1598 2363 Sisennae
1624 2331 1773 2373 scripta.

334 2386 362 2427 ³)
388 2387 616 2419 Milesiarum
643 2386 845 2428 relliquias,
872 2396 964 2427 quae
984 2390 1181 2428 supersunt
1207 2398 1249 2418 ex
1276 2387 1351 2419 solo
1377 2387 1470 2419 libro
1494 2387 1600 2418 tertio
1619 2386 1773 2426 decimo,

247 2443 419 2476 debemus
447 2443 624 2475 Char-isio.
673 2442 775 2482 Quod
802 2442 1044 2483 fragmentum
1071 2446 1216 2483 praeter
1242 2453 1302 2483 ea,
1336 2453 1429 2485 quae
1461 2452 1525 2475 nos
1554 2443 1774 2475 infrasece-

245 2502 380 2542 pimus,
413 2500 616 2531 Foreellini
648 2509 674 2531 s.
700 2509 734 2530 u.
761 2498 935 2540 adingero
965 2499 980 2530 I
1007 2509 1040 2540 p.
1068 2499 1108 2530 61
1143 2499 1214 2540 (ed.
1242 2496 1504 2542 Sebneeberg.)
1536 2499 1773 2541 suppeditare

245 2556 410 2596 uldetur,
444 2556 538 2588 salso
566 2555 612 2587 ad
638 2555 828 2587 Sisennam
861 2555 1014 2586 relatum
1048 2558 1115 2586 est.
1164 2555 1255 2587 haec
1279 2556 1372 2587 enim
1397 2555 1477 2586 ille:
1518 2555 1697 2587 Translate
1723 2555 1774 2587 Si-

244 2623 336 2644 senn.
365 2612 532 2644 illilesiar.
560 2613 653 2653 apud
678 2611 774 2645 Seru,
801 2612 839 2651 2,
873 2615 958 2642 leste
984 2612 1140 2643 Falstero
1176 2611 1247 2653 (qui
1271 2613 1335 2643 loc.
1361 2611 1460 2643 Seru.
1487 2622 1552 2643 non
1584 2612 1774 2652 designat).-

247 2680 311 2699 non
336 2670 457 2709 (lignus
475 2670 508 2699 in
533 2679 626 2711 quem
643 2667 780 2699 debeam
797 2668 938 2698 satiram
955 2669 1084 2699 calente
1109 2669 1144 2699 ui
1167 2669 1380 2709 mlinyerere.
1408 2667 1470 2709 qui
1488 2667 1588 2699 locus
1607 2677 1685 2699 cum
1712 2667 1773 2699 diu

247 2734 300 2755 me
333 2724 482 2756 multum
517 2727 705 2762 uexasset,
739 2723 887 2755 tandem
920 2724 1079 2765 repperi,
1116 2723 1233 2755 locum
1265 2723 1365 2755 illum
1397 2727 1542 2756 exstare
1574 2733 1646 2755 non
1677 2723 1774 2765 apud

247 2780 413 2811 »Seruium
439 2780 503 2812 sed
529 2780 625 2823 apud
651 2780 889 2812 seholiastam
914 2778 1103 2811 quenalis
1129 2779 1189 2820 (ad
1216 2782 1284 2814 sat.
1310 2779 1383 2812 1111
1406 2779 1441 2820 2)
1469 2782 1506 2810 et
1531 2779 1567 2810 in
1592 2778 1694 2811 libris
1720 2779 1773 2811 sic

249 2836 423 2876 seriptum
451 2846 531 2868 esse
559 2837 704 2868 Sesamus
730 2836 815 2869 libro
841 2836 884 2867 ΙΙ
910 2837 977 2867 ait:
1003 2847 1068 2867 non
1093 2837 1212 2878 (lignus
1239 2841 1275 2868 et
1301 2846 1332 2877 q.
1359 2846 1386 2867 s.
1415 2835 1508 2877 quod
1540 2845 1669 2867 nomen
1695 2846 1772 2867 cor-

248 2894 390 2931 ruptum
419 2893 497 2922 sine
517 2893 626 2924 dubio
645 2895 741 2924 recte
768 2891 932 2924 restituit
949 2891 1171 2932 Achaintre,
1199 2902 1301 2932 quem
1323 2895 1470 2923 secutus
1489 2894 1542 2923 est
1564 2891 1772 2923 Lachmann
