1884 3213
116 616 182 664 {19

116 674 182 705 544

207 185 288 224 243
822 183 1121 223 RELLIQVIAE

207 301 292 337 eius
339 299 459 337 etiam
500 297 692 337 miracula
732 297 901 342 addunt,
943 297 1141 336 flammam
1178 299 1214 336 ei
1258 299 1506 337 contionanti
1551 298 1678 336 susam
1711 309 1731 336 0

208 367 338 418 rapite
369 366 456 404 sine
488 367 615 417 ipsius
646 378 767 404 sensu
799 377 891 404 cum
923 377 1065 416 magno
1098 377 1246 416 pauore
1278 367 1625 405 circumstantium
1657 366 1729 403 1111-

206 434 335 479 litum,
369 434 739 485 monimentumque
771 434 969 472 uictoriae
1002 434 1089 471 eius
1122 433 1168 471 de
1190 433 1334 472 Poenis
1366 446 1491 485 usque
1524 433 1731 471 0111110011-

207 513 293 541 sum
325 501 565 553 Capitolium
607 502 730 540 fuisse
769 503 809 540 in
848 500 996 552 templo
1040 501 1215 552 clipeum
1252 501 1451 540 Marcium
1491 500 1732 552 appellatum

207 582 298 608 cum
329 570 504 620 imagine
535 568 810 608 Hasdrubalis.

319 633 395 676 24.
434 638 522 676 Liu.
556 637 709 675 XXVI
736 634 813 685 49,
852 635 871 674 1
916 636 1015 675 Tum
1055 636 1214 675 obsides
1253 638 1480 676 ciuitatium
1518 636 1734 688 Hispaniae

209 706 345 744 uocari
378 706 494 744 iussit
526 703 682 756 [Scipio
705 705 954 752 Carmaqine
974 715 1081 742 noua
1102 703 1358 756 expuynata]
1377 718 1384 741 :
1418 716 1586 756 qnorum
1610 716 1733 755 quan-

209 780 271 812 tus
310 785 502 812 numerus
540 774 663 812 fuerit
702 773 812 823 piget
851 771 1051 816 501111010,
1097 773 1243 823 quippe
1281 785 1373 811 011111
1404 772 1501 811 alibi
1532 776 1736 811 trecentos

209 843 354 885 l'erme,
397 840 495 879 alibi
534 842 612 879 tria
652 840 780 879 millia
812 841 1087 891 septingentos
1119 841 1265 890 uiginti
1297 845 1485 891 quattuor
1518 841 1642 879 fuisse
1675 841 1734 878 in-

211 910 383 947 ueniam.
454 921 578 959 aeque
618 913 657 947 et
696 908 774 946 alia
816 909 922 946 inter
960 912 1144 946 auctores
1183 908 1425 959 discrepant.
1486 907 1732 959 praesidium

209 977 407 1016 Punicum
440 976 541 1015 alius
574 976 723 1019 decem,
758 975 859 1014 alius
891 980 1055 1026 septem,
1089 975 1189 1014 alius
1222 976 1316 1014 haut
1347 975 1436 1027 plus
1467 988 1583 1026 qnam
1615 974 1736 1014 duum

211 1044 382 1084 millium
428 1045 552 1083 fuisse
598 1043 758 1083 scribit.
829 1048 942 1094 capta
982 1041 1078 1081 alibi
1110 1073 1290 1081 ......
1325 1055 1443 1094 supra
1484 1044 1660 1094 quinque
1700 1047 1738 1081 et

211 1113 356 1162 uiginti
402 1113 598 1150 inuenias.
660 1112 894 1162 scorpiones
942 1111 1114 1149 maiores
1152 1112 1408 1162 minoresque
1448 1110 1496 1149 ad
1533 1111 1738 1160 sexaginta

212 1185 349 1231 captos
380 1180 626 1230 scripserim,
660 1181 692 1217 si
726 1183 931 1218 auctorem
963 1178 1159 1217 Graecum
1191 1190 1335 1229 sequar
1367 1178 1568 1222 Silenum3
1601 1179 1636 1216 si
1665 1177 1737 1216 Va-

211 1248 355 1286 lerium
386 1248 605 1291 Antiatem,
639 1247 836 1285 maiorum
867 1247 1128 1297 scorpionum
1160 1257 1228 1284 sex
1259 1246 1405 1291 millia,
1438 1247 1639 1285 minorum
1669 1245 1735 1284 110-

212 1328 298 1354 00111
330 1317 405 1353 tria
437 1314 580 1354 millia:
616 1314 712 1353 adeo
744 1314 878 1353 nullus
909 1313 1132 1352 mentiendi
1162 1313 1305 1352 modus
1336 1319 1407 1352 est.
1467 1326 1516 1352 ne
1548 1313 1595 1352 de
1627 1313 1739 1353 duci-

214 1383 287 1421 bus
324 1382 483 1434 quidem
525 1384 728 1421 conuenit.
792 1382 973 1433 plerique
1005 1381 1185 1420 Laelium
1215 1382 1439 1433 praefuisse
1472 1382 1610 1424 classi,
1649 1387 1741 1420 sunt

213 1452 280 1501 qui
310 1450 360 1489 M.
393 1450 553 1489 Iunium
585 1449 766 1495 Silanum
798 1450 943 1488 dIcant.
1006 1450 1155 1487 Arinen
1186 1449 1410 1499 praefuisse
1442 1449 1593 1488 Punico
1625 1461 1738 1500 prae-

213 1518 315 1556 sidio
338 1518 595 1569 deditumque
616 1518 807 1557 Romanis
829 1518 964 1556 Antias
986 1516 1180 1560 Valerius,
1203 1516 1408 1567 Magonem
1433 1517 1501 1556 alii
1523 1519 1741 1567 scriptores

215 1585 386 1624 [radunt.
449 1598 528 1624 11011
576 1585 622 1624 de
669 1597 837 1624 numero
884 1585 1047 1623 nauium
1085 1589 1310 1635 captarum,
1356 1596 1435 1623 11011
1475 1585 1522 1624 110
1561 1585 1737 1636 1101111010

215 1757 319 1786 culum
355 1757 439 1787 illud
462 1755 590 1787 Marcii
624 1755 752 1786 diserte
784 1755 830 1785 ad
865 1754 998 1785 Valerii
1030 1755 1266 1785 auctoritatem
1298 1753 1409 1793 refert
1434 1754 1563 1786 Plinius
1588 1754 1631 1785 Il
1658 1755 1740 1787 241:

218 1802 257 1834 11,
283 1801 420 1832 Marcio
453 1801 491 1831 in
520 1800 703 1841 Hispania
733 1799 965 1840 interemptis
998 1798 1231 1840 Scipionibus
1273 1798 1502 1830 contionanti
1534 1802 1572 1831 et
1603 1798 1743 1830 milites

216 1845 262 1876 ad
293 1845 469 1878 ultionem
500 1845 711 1876 exhortanti
747 1843 822 1886 [sic
856 1845 937 1876 Par.
964 1845 987 1875 d
1019 1844 1203 1875 exortanti
1230 1844 1312 1875 Par.
1343 1841 1397 1874 Ε2
1430 1843 1544 1876 lfice.²
1575 1844 1743 1876 exoranti

222 1891 320 1922 Voss.
354 1891 432 1922 Vat.
460 1891 558 1922 Leisl.
589 1890 782 1921 exornanti
811 1887 938 1930 Rice.¹J
971 1889 1105 1921 arsisse
1137 1888 1247 1920 simili
1278 1888 1382 1920 modo
1414 1888 1535 1931 [caput
1560 1893 1595 1921 ut
1621 1889 1742 1921 Seruio

222 1933 347 1976 Tullio]
374 1935 586 1967 Valerius
614 1935 774 1965 Antias
799 1938 938 1965 narrat.
988 1944 1069 1965 caue
1104 1939 1213 1966 tamen
1239 1935 1338 1965 eciam
1363 1935 1419 1975 qui
1442 1935 1645 1966 antecedunt
1671 1935 1743 1973 infi-

216 1982 338 2012 nitiuos
373 1982 523 2021 pendere
561 1980 602 2011 ab
639 1980 700 2011 hoc·
737 1982 863 2010 narrat
899 1980 1080 2011 emis-tumes
1111 1980 1356 2020 miraculaque,
1399 1990 1484 2020 quae
1516 1984 1744 2020 eoeponuntur,

214 2027 355 2066 fluxisse
381 2036 427 2057 ecc
452 2026 610 2064 Antiate,
645 2035 730 2066 quae
760 2025 975 2064 plurimorzmz
1006 2025 1062 2064 qui
1098 2024 1180 2054 llaec
1210 2024 1405 2064 fragmenta
1437 2026 1654 2064 conleyerunt
1676 2024 1743 2064 fuit

217 2072 340 2111 opinio.
392 2082 466 2102 nam
490 2071 526 2102 id
549 2072 667 2111 ipsum,
694 2071 784 2110 quod
807 2074 884 2100 ante
910 2069 972 2100 lzoc
996 2069 1125 2099 Marcii
1147 2080 1168 2099 α
1194 2068 1304 2100 Plinio
1330 2074 1503 2100 narratum
1529 2073 1589 2110 est,
1615 2074 1743 2111 pugnat

216 2127 287 2147 vum
324 2116 456 2147 Valerii
478 2116 682 2147 testimonio:
725 2114 852 2146 Seruio
882 2113 1001 2145 Tullio
1037 2112 1231 2144 dormienti
1268 2114 1305 2144 in
1341 2115 1499 2155 pueritia
1537 2124 1580 2145 ex
1619 2115 1743 2156 capite

217 2161 396 2192 flammam
428 2160 630 2193 emicuisse.
679 2160 724 2200 ef.
746 2161 796 2200 s'r.
825 2160 864 2190 12
898 2170 969 2190 cum
993 2160 1072 2190 adn.
1121 2163 1172 2190 est
1194 2159 1307 2199 potius
1339 2159 1472 2190 uerbum
1496 2169 1635 2201 regens:
1674 2159 1742 2191 Re-

219 2206 356 2248 peritur
381 2205 477 2248 apud
502 2210 683 2238 auctores.

306 2269 368 2305 24.
396 2272 476 2304 Sine
502 2273 600 2305 (lubio
624 2278 766 2314 praeter
783 2282 841 2304 eas
865 2282 933 2313 res,
962 2271 1078 2313 quibus
1098 2271 1247 2303 Antiatis
1272 2273 1461 2303 auctoritas
1485 2273 1664 2313 adscripta
1680 2275 1742 2310 est,

217 2319 315 2349 etiam
340 2319 428 2349 aliae
461 2329 506 2349 ex
538 2329 576 2349 eo
609 2319 769 2359 oriqz'nem
795 2318 928 2348 ducunt.
981 2316 1151 2357 Polybium
1181 2321 1314 2348 secutus
1346 2321 1396 2348 est
1422 2317 1539 2349 Liuius
1570 2317 1604 2348 in
1635 2317 1742 2348 lzisce:

217 2368 388 2395 trecentos
410 2364 517 2403 ferme
543 2364 677 2395 obsides
700 2363 807 2402 fuisse
833 2362 908 2394 Pol.
938 2361 971 2392 X
997 2361 1048 2399 18,
1076 2364 1114 2399 3,
1142 2362 1297 2393 Laelium
1321 2363 1424 2394 classi
1447 2362 1618 2394 Romanae
1642 2371 1744 2402 prae-

213 2409 322 2448 fuisse
358 2409 391 2439 Χ
430 2410 487 2447 12,
528 2410 561 2448 l,
595 2408 775 2449 Magonem
811 2407 940 2438 Punico
974 2407 1150 2448 praesidio
1189 2407 1222 2437 X
1260 2407 1318 2447 18,
1350 2407 1502 2447 fortasse
1539 2407 1745 2447 praesidium

219 2454 378 2484 Punicum
418 2455 528 2484 decem
576 2454 693 2484 milium
737 2453 862 2492 fuisse,
910 2453 941 2482 si
988 2452 1117 2493 quidem
1157 2453 1184 2482 is
1225 2457 1277 2483 est
1316 2462 1469 2484 numerus
1510 2452 1665 2493 Appiani
1709 2452 1744 2482 in

220 2498 342 2531 Hiber.
372 2499 424 2530 19.

334 2642 409 2695 24,
443 2648 478 2683 6.
513 2648 654 2695 011511105
686 2648 847 2683 Pucecm.
968 2647 1030 2681 11.
1063 2656 1142 2681 cum
1172 2645 1262 2682 libri
1291 2647 1433 2692 aliquot
1465 2655 1543 2681 rec.
1579 2644 1635 2680 11111
1666 2645 1741 2680 Pu-

222 2711 320 2739 lmm.
354 2705 455 2750 quod
483 2704 654 2750 defendit
685 2704 841 2751 Mucluiy
872 2705 946 2738 itu:
978 2703 1110 2749 quippe
1141 2703 1176 2737 in
1209 2713 1248 2737 ca
1279 2713 1316 2737 re
1347 2702 1383 2737 in
1415 2713 1495 2749 qua.
1622 2700 1742 2736 decem

220 2759 326 2795 millia
358 2759 536 2807 capitum,
578 2759 658 2795 alibi
698 2761 811 2807 uulyo
843 2760 1037 2794 inseritur.
1100 2770 1168 2794 om.
1202 2759 1288 2794 Put.
1323 2758 1461 2794 Medz'c.
1494 2758 1628 2793 Bamb.
1660 2759 1742 2792 alia·-

220 2826 291 2861 que
326 2816 424 2851 libri.
486 2816 537 2861 cf.
579 2816 862 2852 W'eisseuborm'
898 2815 1024 2850 adnot.
1204 2814 1265 2849 14.
1307 2825 1452 2861 grecum
1492 2814 1656 2849 Puteau.

222 2871 282 2905 15.
317 2871 489 2906 maiorum
522 2872 745 2907 antiatemma
778 2882 896 2919 scorp.
932 2871 1014 2906 Pul.
1154 2870 1217 2907 20.
1250 2870 1432 2917 deponere
1462 2865 1575 2920 Pau]

1758 927 1790 951 10

1762 1265 1793 1290 15

1761 1603 1795 1629 20
