1884 3213
237 205 352 236 0013(
604 195 669 226 DE
696 192 1005 226 SCRIPTORVM
1031 192 1159 225 VITIS
1185 193 1247 225 ΕΤ
1274 192 1491 225 SCRIPTIS

235 311 453 357 maenium,
486 309 556 345 sed
584 309 805 346 oratoriam
836 309 1035 355 inqem'zzm
1067 305 1212 354 defuit.
1235 329 1289 333 —
1310 307 1358 344 In
1391 306 1540 346 Scauri
1569 308 1759 354 oratione,

235 378 428 426 sapientis
458 376 628 413 hominis
658 380 695 413 et
726 377 846 422 recti,
879 376 1068 423 qraue'tas
1097 385 1248 412 summa
1278 378 1314 412 et
1333 375 1535 413 naturalis
1565 374 1763 423 quaedam

235 447 366 483 inerat
398 445 636 487 auctoritas,
669 454 745 481 non
777 447 820 481 ut
850 453 1032 485 causam,
1063 443 1136 481 sea’
1164 446 1206 480 ut
1235 443 1495 481 testimonium
1527 442 1663 480 dicere
1686 453 1764 491 pu-

236 520 359 557 tares,
401 522 488 549 eum
523 521 601 559 pro
639 521 706 548 reo
745 511 907 549 diceret.
969 511 1044 548 hoc
1082 510 1245 548 dicendi
1282 520 1409 557 §emes
1447 509 1503 548 ad
1537 511 1764 557 patrocinia

234 580 489 618 mediocriter
510 582 643 627 aptum
665 579 889 622 m‘debalur,
922 578 979 615 ad
997 579 1239 616 senatoriam
1261 588 1358 616 uero
1379 578 1622 626 εεητθηῖίαηῑ,
1652 578 1766 616 cuius

234 653 324 685 erat
353 648 419 684 ille
443 647 658 694 princeps,
698 647 763 683 uel
798 655 1009 688 maxuma·
1046 646 1300 693 siqnificabat
1335 646 1437 683 em'm
1472 656 1552 684 non
1583 646 1763 694 pruden-

235 717 331 753 tiam
362 714 489 752 solum
527 714 617 760 sed,
659 714 764 762 quod
799 715 975 752 maxime
1012 724 1093 751 rem
1131 713 1377 757 continebat,
1414 713 1547 760 fidem.
1597 713 1767 752 habebat

234 783 307 820 hoc
339 792 364 818 a
394 786 544 819 natura
565 783 665 830 ipsa,
699 781 851 829 quoda
873 782 1056 819 cioca-ina
1079 791 1157 819 non
1186 780 1316 827 facile
1338 785 1493 829 posset:
1524 791 1764 829 quamquam

234 850 350 888 leuius
380 859 532 897 quoque
562 850 686 897 ipsius
716 850 792 895 rei,
826 859 936 897 quem
968 849 1024 886 ad
1052 850 1210 887 modum
1240 850 1337 900 scis,
1363 853 1587 897 praecepta
1617 853 1717 888 sunl.

348 916 445 955 Cum
477 921 609 954 auteln
642 917 717 954 iam
750 916 957 954 Ciceronis
989 921 1115 954 aetate
1148 928 1264 954 nemo
1287 916 1427 955 Scauri
1461 916 1588 955 libros
1621 916 1764 966 legerit

238 983 368 1035 satque
400 995 545 1022 uereor
577 996 625 1022 ne
649 984 790 1022 Cicero
821 985 905 1034 ipse
936 995 1015 1022 non
1039 983 1226 1035 nouerit),
1260 996 1337 1022 non
1370 989 1430 1022 est
1460 985 1627 1028 mirum,
1660 983 1763 1035 quod

235 1064 433 1103 perpauca
465 1053 685 1102 fragmenta
708 1056 863 1090 seruata
886 1056 998 1096 sunt,
1033 1051 1187 1101 singula
1210 1064 1230 1089 a
1252 1051 1408 1090 Valerio
1429 1052 1599 1090 Maximo
1624 1049 1686 1100 (fr.
1713 1050 1763 1101 1),

236 1132 254 1157 a
288 1120 431 1158 Seruio
472 1116 546 1170 (6),
589 1118 637 1157 ab
678 1131 723 1157 eo
764 1120 831 1169 qui
870 1124 1055 1170 quartum
1096 1118 1244 1157 librum
1276 1118 1458 1158 Frontini
1499 1120 1766 1169 strategtnatis

236 1187 389 1225 addidit
422 1187 484 1224 [fr.
519 1184 555 1224 7.
589 1186 692 1237 quod
725 1188 802 1225 iam
835 1186 1000 1237 Pighius
1040 1199 1129 1225 ann.
1163 1186 1217 1224 ΙΙΙ
1248 1199 1284 1238 p.
1322 1184 1400 1225 103
1441 1187 1488 1225 ad
1521 1187 1592 1226 hos
1624 1186 1765 1226 Scauri

236 1254 361 1293 libros
392 1254 581 1305 rettulit),
624 1267 670 1293 ex
702 1254 849 1305 quibus
880 1259 1040 1306 praeter
1072 1254 1274 1293 Valerium
1305 1254 1519 1292 Maximum
1555 1255 1621 1293 uix
1656 1255 1763 1305 quis-

236 1334 353 1373 qnaln
386 1323 517 1372 ipsum
541 1322 736 1361 Scaurum
768 1323 954 1373 inspexit.
996 1328 1079 1360 tum
1111 1334 1209 1360 uero
1241 1323 1376 1361 nescio
1407 1323 1519 1373 quis,
1552 1322 1615 1361 uel
1641 1321 1766 1360 Iulius

236 1389 436 1428 Romanus
468 1390 533 1428 uel
565 1390 684 1428 huius
715 1394 864 1434 auctor,
907 1395 945 1428 et,
977 1390 1119 1428 Scauri
1159 1395 1195 1428 et
1233 1389 1375 1428 Rutilii
1413 1389 1538 1428 libros
1578 1402 1623 1428 ex
1663 1388 1763 1427 ohli-

237 1458 372 1501 nionc,
405 1470 481 1508 qua
514 1458 590 1495 iam
623 1457 757 1495 obruti
780 1463 913 1501 erant,
947 1462 1171 1509 protractos
1194 1459 1413 1508 excerpsit,
1447 1459 1563 1495 cuius
1595 1457 1764 1507 diligen-

237 1526 314 1562 tiae
337 1524 541 1563 Charisius
573 1526 706 1563 omnia
738 1524 879 1563 Scauri
911 1530 949 1563 et
981 1526 1207 1563 orationum
1242 1522 1393 1575 (1—4)
1428 1530 1465 1563 et
1497 1527 1603 1563 uitae
1638 1523 1699 1573 (sr.
1722 1521 1762 1576 2)

237 1597 275 1629 ct
305 1591 451 1630 Rutilii
485 1591 547 1641 (fr.
581 1589 740 1643 7—12)
781 1593 887 1630 uitae
929 1593 1150 1642 fragmenta
1183 1591 1313 1630 debet.
1375 1604 1465 1630 nani
1507 1594 1547 1630 in
1579 1594 1637 1631 cis
1668 1592 1764 1631 solis

236 1658 437 1709 capitibus
470 1659 497 1698 nl
533 1657 582 1697 17
616 1659 662 1697 dc
694 1659 875 1709 analogia
907 1665 946 1698 et
977 1659 1011 1698 II
1046 1657 1096 1698 13
1128 1659 1174 1697 de
1207 1659 1424 1711 aduerhiis)
1459 1672 1558 1710 quae
1590 1659 1764 1711 pendent

237 1739 257 1763 a
286 1725 386 1764 Iulio
408 1726 587 1765 Romano
611 1724 706 1774 (uid.
731 1738 849 1777 supra
871 1740 908 1777 p.
933 1726 1097 1776 CLXIII)
1132 1728 1406 1766 inueniuntur.
1440 1739 1485 1765 ex
1508 1727 1645 1766 eodem
1667 1739 1764 1766 uero

238 1798 399 1831 auctore
431 1795 550 1832 etiam
572 1793 782 1832 Diomedes
811 1794 948 1833 Scauri
983 1800 1021 1833 et.
1053 1795 1194 1833 Rutilii
1227 1796 1410 1834 notitiam
1442 1795 1621 1834 hausisse
1653 1794 1763 1833 uide·
1794 1817 1796 1819 >

240 1865 316 1897 tur.
365 1866 473 1899 certe
506 1863 604 1912 ipsis
636 1874 731 1900 usus
760 1874 838 1900 non
861 1868 931 1901 est.
974 1862 1080 1914 quod
1111 1864 1144 1901 si
1165 1864 1309 1906 sumis,
1343 1875 1416 1913 qua
1440 1864 1593 1901 ratione
1617 1863 1763 1901 sactum

238 1940 323 1965 esse
356 1928 596 1978 explicabis,
637 1934 679 1967 ut
718 1929 766 1967 ab
798 1929 872 1968 hoc
911 1932 1124 1982 quinquies
1158 1928 1309 1979 (Scaur.
1343 1932 1391 1969 fr.
1424 1928 1463 1969 3.
1495 1928 1534 1967 4.
1567 1928 1605 1969 5.
1638 1929 1760 1968 Rutil.

241 1992 302 2031 14.
331 1993 394 2045 15)
418 1995 675 2035 laudarentur
706 1996 801 2034 solis
831 2009 918 2047 pag.
941 1995 1180 2037 374—385
1201 1998 1245 2036 K.
1281 1996 1336 2048 (in
1358 2010 1404 2036 cc
1427 1998 1555 2048 capite
1577 1998 1682 2049 quod
1704 2003 1763 2035 est

239 2061 285 2099 de
318 2063 669 2113 coniugationilms
701 2063 954 2117 uerborum),
990 2078 1182 2117 nusquam
1215 2064 1337 2104 alibi?
