1884 3213
198 154 274 193 152
810 151 1110 191 RELLIQVIAE

196 282 281 307 rum
314 280 455 317 magua
487 280 575 305 eum
610 266 719 304 clade
762 267 819 304 rei
852 265 1062 316 publicae?
1102 267 1171 316 qui
1204 267 1383 305 exercitu
1424 267 1589 305 lustrato
1630 279 1719 305 eum

196 337 395 375 ,ti-renum
431 347 571 373 uersus
611 336 724 384 sIgna
762 334 955 372 mouisset
995 338 1034 372 ct
1071 339 1209 372 contra
1240 334 1502 373 Hannibalem
1543 335 1721 385 legiones

196 405 379 446 duceret,
420 408 457 440 et
496 404 579 453 ipsc
620 408 658 441 et
697 414 822 452 equus
855 402 941 439 eius
974 406 1064 439 ante
1104 402 1263 452 signum
1294 401 1400 441 Iouis
1432 402 1604 441 Statoris
1636 404 1721 441 sine

197 485 312 511 eausa
346 476 508 522 repente
541 470 735 514 concidit,
776 482 850 508 nee
883 481 969 508 eam
1010 482 1093 507 rem
1135 469 1275 509 habuit
1314 470 1522 520 religioni,
1563 469 1722 509 obiecto

196 542 329 591 signo,
370 544 410 577 ut
458 540 598 589 peritis
647 537 880 581 uidebatur,
924 550 972 576 ne
1013 538 1282 576 committeret
1332 538 1544 589 proelium.
1612 537 1721 576 Idem

197 621 284 646 vum
327 607 502 658 tripudio
542 607 840 658 auspicaretur,
888 605 1082 656 pullarius
1123 605 1226 644 diem
1264 605 1407 657 proelii
1447 605 1723 644 connnittendi

198 675 418 714 differebat.
480 679 563 713 tum
596 674 815 713 Flaminius
848 687 894 711 ex
926 686 972 711 eo
1004 675 1216 724 quaesiuit,
1251 674 1284 711 si
1316 686 1364 712 ne
1397 678 1532 724 postea
1562 674 1723 724 ‹pnidem

198 743 296 795 pulli
327 747 607 794 pascerentur,
641 742 737 792 quid
768 741 997 780 faciendum
1029 748 1224 780 censeret.
1287 753 1377 780 cum
1415 741 1481 779 ille
1515 743 1724 791 quiescen-

199 811 291 850 dum
323 810 614 862 respondisset,
648 810 885 848 Flaminius:
941 809 1172 848 ‘Praeclara
1206 821 1302 848 uero
1337 810 1535 860 auspicia,
1570 810 1602 847 si
1635 822 1723 847 esu-

199 878 400 917 rientibus
432 878 551 929 pullis
592 890 655 916 res
686 879 771 928 geri
804 879 974 928 poterit,
1016 878 1162 915 saturis
1194 878 1294 916 nihil
1326 878 1525 927 geretul·.’
1588 876 1725 927 Itaque

199 948 310 997 signa
351 946 527 984 conuelli
567 952 601 984 et
644 958 683 984 se
730 946 845 995 sequi
886 946 1013 983 iussit.
1084 957 1161 995 quo
1208 949 1388 996 tempore
1428 957 1516 984 cum
1558 945 1726 994 signiter

201 1016 321 1065 primi
354 1015 470 1052 astati
503 1014 660 1064 signum
692 1026 771 1051 non
804 1018 936 1063 posset
970 1025 1131 1051 mouere
1164 1013 1264 1058 loeo,
1298 1025 1371 1051 nee
1396 1013 1610 1063 quiequam
1634 1024 1726 1064 pro-

202 1085 401 1126 tieeretur,
436 1082 571 1133 plures
601 1093 691 1119 cum
720 1080 972 1125 accederent,
1005 1080 1226 1118 Flaminius
1249 1092 1291 1118 re
1317 1081 1496 1118 nuntiata
1522 1092 1593 1118 suo
1618 1092 1728 1119 more

202 1150 388 1200 neglexit.
452 1151 584 1199 itaque
625 1147 755 1187 tribus
790 1149 839 1186 iis
878 1148 988 1186 horis
1021 1149 1210 1187 concisus
1254 1139 1455 1186 exercitus
1495 1153 1611 1199 atque
1644 1149 1728 1199 ipse

202 1219 437 1256 interfectus
477 1223 548 1255 est.
609 1216 793 1267 Magnum
836 1216 932 1254 illud
972 1217 1090 1254 etiam
1131 1215 1235 1266 quod
1277 1215 1427 1253 addidit
1462 1216 1640 1260 Coelius,
1682 1228 1728 1254 eo

203 1292 379 1336 tempore
402 1286 500 1335 ipso,
536 1297 625 1322 enm
648 1284 722 1322 hoe
746 1284 1022 1322 calamitosum
1053 1283 1251 1334 proelium
1283 1284 1407 1327 tieret,
1443 1288 1573 1322 tantos
1595 1289 1725 1322 terrac

202 1359 331 1392 motus
372 1353 411 1390 in
451 1351 689 1402 Liguribus,
738 1352 863 1391 Gallia
905 1350 1261 1402 compulrilnisque
1306 1351 1449 1390 insulis
1489 1357 1647 1402 totaque
1690 1353 1729 1390 in

201 1422 314 1460 Italia
347 1422 472 1459 sac-tos
505 1432 603 1464 esse,
639 1425 679 1458 ut
710 1420 832 1459 multa
865 1419 1009 1470 oppida
1041 1420 1291 1464 eonruerint,
1322 1419 1458 1458 multis
1489 1420 1587 1458 loeis
1619 1418 1729 1458 labes

203 1580 304 1611 ocius
331 1579 437 1619 signa
465 1577 622 1609 conuelli
647 1577 792 1608 iuberet
810 1581 846 1609 et
872 1577 951 1618 ipse
978 1577 1016 1608 in
1035 1587 1166 1618 equum
1192 1576 1409 1614 insiluisset,
1438 1583 1552 1618 equus
1579 1581 1732 1618 repente

205 1624 346 1656 conruit
373 1622 628 1663 consulemque
664 1622 805 1664 lapsum
838 1633 946 1664 super
979 1626 1090 1663 eaput
1124 1622 1266 1654 effudit.
1315 1622 1454 1653 territis
1481 1622 1646 1653 omnibus
1673 1623 1732 1664 qui

205 1671 302 1701 circa
329 1673 434 1700 erant
458 1667 557 1698 uelut
576 1667 685 1699 foedo
705 1668 822 1699 omine
848 1668 1082 1709 incipiendae
1108 1668 1160 1698 rei
1187 1668 1336 1708 insuper
1360 1668 1562 1706 nuntiatur,
1590 1669 1732 1707 signum

205 1716 300 1746 omni
339 1715 375 1745 ui
412 1713 584 1744 moliente
623 1713 800 1754 signifero
839 1712 997 1744 conuelli
1034 1713 1196 1753 nequire.
1248 1722 1448 1744 conuersus
1485 1712 1531 1744 ad
1568 1713 1732 1744 nuntium

207 1763 311 1791 ‘num
343 1759 487 1790 litteras
521 1761 682 1799 quoque-³
717 1758 835 1799 inquit
860 1758 929 1789 ‘ab
963 1760 1095 1789 senatu
1126 1757 1265 1797 adfers,
1300 1768 1392 1799 quae
1424 1768 1479 1788 me
1507 1768 1580 1789 rem
1605 1768 1732 1799 gerere

206 1805 357 1836 uetant?
406 1804 478 1842 abi,
505 1804 645 1841 nuntia,
673 1803 853 1834 effodiant
879 1803 1031 1844 signum,
1056 1803 1089 1834 si
1116 1802 1161 1834 ad
1189 1802 1467 1834 conuellendum
1491 1813 1618 1834 manus
1645 1813 1732 1844 prae

207 1855 303 1882 metu
330 1849 590 1890 obt01·p11erit⁷.
641 1848 811 1880 incedere
839 1848 923 1880 inde
951 1859 1081 1890 agmen
1108 1849 1232 1889 coepit
1259 1848 1487 1889 primoribus,
1514 1858 1734 1889 superquam

208 1895 302 1936 qnod
330 1894 582 1925 dissenserant
609 1893 653 1923 ab
682 1893 847 1930 consilio,
876 1894 1019 1924 territis
1045 1893 1155 1924 etiam
1182 1893 1317 1934 duplici
1345 1893 1529 1934 prodigio,
1558 1893 1670 1924 milite
1697 1894 1734 1924 in

207 1940 338 1981 uulgus
364 1939 464 1970 laeto
497 1938 635 1969 ferocia
663 1938 784 1977 ducis,
820 1949 899 1969 cum
927 1949 1027 1980 spem
1055 1938 1169 1979 magis
1203 1940 1317 1979 ipsam
1345 1948 1452 1978 qnam
1480 1948 1630 1970 eausam
1657 1938 1735 1979 spei

207 1988 424 2017 intueretur.
474 1994 520 2014 (ω
545 1984 644 2015 Liuio
669 1995 730 2014 sua
755 1983 876 2015 liabent
904 1983 991 2014 Plzct.
1019 1983 1101 2014 lv‘ab.
1121 1985 1141 2014 3
1167 1988 1199 2014 et
1230 1983 1346 2014 Valer.
1368 1983 1466 2014 Mtte.
1492 1984 1512 2014 l
1538 1984 1569 2023 6,
1594 1984 1625 2014 6.
1656 1983 1735 2015 Tum

210 2031 325 2061 Liuius
350 2030 432 2061 lutee
457 2030 553 2059 addit
578 2041 605 2058 ι’.
634 2030 665 2065 5,
692 2029 712 2059 8
737 2028 952 2068 Tantusquc
980 2028 1049 2059 fuit
1075 2027 1181 2059 ardor
1207 2028 1425 2068 animorum,
1454 2028 1545 2059 adeo
1571 2028 1736 2059 intentus

210 2086 354 2117 pugnae
393 2074 549 2114 animus,
585 2078 623 2105 ut
655 2084 735 2104 eum
773 2078 906 2104 motum
944 2077 1082 2111 terrae,
1115 2074 1176 2113 qui
1209 2073 1402 2104 multarum
1434 2073 1575 2105 urbium
1601 2073 1734 2105 Italiae

209 2131 362 2162 magnas
394 2124 517 2161 partes
551 2119 753 2161 prostrauit
784 2119 995 2158 auertitque
1025 2128 1131 2149 cursu
1163 2118 1308 2160 rapidos
1336 2119 1469 2158 amnis,
1496 2129 1592 2150 mare
1619 2119 1735 2150 flumi-

322 2281 358 2316 ⁴2.
391 2281 542 2316 aretium
587 2280 689 2315 Voss.
715 2280 750 2313 B
809 2290 976 2314 arreuum
1011 2279 1114 2315 Lem.
1140 2279 1181 2313 H
1331 2278 1539 2314 Annibalem
1574 2279 1675 2315 Voss.
1702 2278 1736 2313 B

266 2340 302 2374 3.
337 2338 491 2372 stutoris
524 2347 607 2371 sane
639 2347 742 2371 causa
775 2337 877 2371 Leid.
904 2336 943 2371 H
1114 2336 1149 2371 ἶ).
1183 2331 1292 2384 idem]
1327 2335 1360 2370 id
1392 2341 1447 2371 est
1478 2336 1580 2371 Leid.
1604 2336 1646 2370 Η

211 2397 247 2431 413.
281 2392 508 2430 commitendi
542 2393 644 2427 Voss.
668 2395 698 2427 A
843 2393 880 2426 8.
915 2398 1077 2427 censeret
1110 2392 1248 2427 salisb.
1310 2397 1500 2427 censerent
1533 2391 1634 2427 Voss.
1658 2392 1736 2427 AB

223 2452 374 2487 Vindob.
442 2454 606 2485 censeret
641 2468 685 2473 ——
722 2447 974 2496 quiescendum
1017 2460 1085 2483 om.
1118 2449 1219 2484 Leirl.
1242 2449 1283 2483 H
1454 2448 1491 2486 9.
1530 2447 1736 2495 respondis-

212 2514 290 2543 sent
333 2508 434 2543 Voss.
461 2507 490 2540 Α
520 2517 582 2551 pr.
615 2518 656 2540 m.
721 2504 950 2552 respondisse
982 2505 1083 2539 Leid.
1109 2506 1148 2540 H
1305 2500 1411 2553 uero]
1446 2515 1539 2539 nunc
1570 2504 1673 2539 Leid.
1698 2505 1740 2540 Η

327 2564 391 2601 10.
433 2563 553 2611 potuit
592 2562 693 2597 Leid.
726 2562 766 2596 H
948 2561 1009 2595 11.
1050 2561 1178 2596 couelli
1211 2562 1313 2596 Lez'd.
1337 2561 1378 2596 H
1547 2570 1626 2595 cum
1667 2572 1733 2596 om.

215 2621 314 2655 Laid.
338 2621 378 2655 II
551 2617 613 2653 12.
646 2619 749 2653 astuti
793 2618 894 2653 Voss.
924 2618 955 2652 A
986 2618 1087 2653 Leicl.
1123 2618 1159 2653 II
1201 2617 1354 2653 Vindob.
1414 2617 1541 2652 hastati
1573 2617 1676 2652 Leid.
1702 2617 1737 2651 B

215 2689 256 2711 ne
278 2677 381 2712 Leicl.
401 2676 439 2710 H
563 2674 625 2710 14.
661 2673 774 2709 tribus
805 2675 846 2709 iis
878 2674 975 2709 horis
1007 2675 1062 2709 ecl.
1087 2673 1246 2710 Iuntina
1307 2679 1351 2709 tr.
1385 2673 1438 2708 his
1463 2673 1496 2709 h.
1527 2673 1628 2708 Voss.
1648 2673 1680 2708 A
1704 2673 1738 2707 Β

226 2734 328 2768 Viml.
389 2731 501 2767 tribus
534 2732 631 2767 horis
663 2732 765 2766 Leid.
798 2730 840 2765 Η
968 2729 1030 2766 16.
1062 2731 1237 2777 proelium
1271 2742 1339 2765 om.
1384 2730 1486 2765 Voss.
1510 2729 1541 2763 A
1572 2729 1674 2765 Leid.
1700 2729 1740 2763 H

227 2790 377 2824 l'imlob.
526 2788 584 2823 17.
619 2788 651 2823 in
675 2787 760 2822 solis
794 2787 944 2823 Vinclob.
964 2798 1027 2833 pr.
1051 2799 1096 2823 m.
1244 2786 1305 2822 18.
1338 2790 1554 2822 corruerunt
1574 2786 1675 2821 Leicl.
1700 2786 1742 2821 Η

289 2844 386 2880 laues
429 2844 530 2880 Voss.
555 2845 586 2880 A
628 2839 797 2880 Vindob.¹

1748 894 1779 918 10

1746 1231 1778 1257 15
