1884 3213
258 164 522 193 (Vx-Lxxxxvl
620 154 684 185 DE
712 152 1023 185 SCRIPTORVM
1050 152 1178 184 VITIS
1203 152 1267 186 ΕΤ
1294 152 1512 186 SCRIPTIS

364 268 497 318 Itaque
539 267 830 305 demonstrasse
872 265 986 304 nobis
1027 266 1234 309 uidemur,
1286 270 1500 307 memoriae
1540 269 1778 309 Claudianae

251 350 296 373 eo
329 338 414 386 ipso
450 336 556 378 loeo,
591 334 658 372 ubi
695 347 780 373 eam
813 346 856 371 ex
882 334 996 372 Liuio
1019 334 1266 385 discrepasse
1289 348 1378 374 cum
1411 336 1621 387 ‘pluribus
1645 343 1778 377 aucto-

251 404 387 442 ribus’
430 404 638 447 nouimus,
679 402 782 453 apud
814 402 1046 453 Dionysium
1090 407 1197 441 certa
1237 408 1392 442 exstare
1432 406 1621 455 uestigia,
1663 406 1779 451 unde,

250 484 338 510 eum
373 473 411 509 in
447 470 563 508 libris
595 470 624 507 V
663 484 696 508 e.
730 468 781 507 31
814 492 869 496 —
901 471 967 508 tin.
1008 475 1045 508 et
1076 469 1123 508 VI
1166 476 1203 508 et
1237 472 1277 509 in
1311 471 1548 523 quibusdam
1581 473 1777 512 librorum

248 538 419 577 vtt-—x
451 538 632 590 partibus
664 539 858 589 primario
892 539 1002 576 sonte
1037 550 1130 576 usus
1163 550 1248 577 esse
1282 539 1465 578 uideatur
1495 540 1633 579 Liuius
1664 540 1777 580 Clau-

249 608 335 651 dio,
369 609 434 658 qui
470 608 509 645 in
545 606 648 644 libro
670 605 717 643 VI
750 606 858 644 sotus
890 607 1049 644 nomine
1083 605 1284 651 laudatur,
1318 609 1376 645 eis
1408 607 1549 647 horum
1582 604 1797 648 librorum'

248 675 366 719 loeis,
415 674 561 726 quibus
599 674 738 712 Liuius
779 686 869 712 eum
910 673 1099 724 Dionysio
1143 677 1340 719 concinit,
1391 676 1501 714 illum
1540 689 1778 716 eonmunem

246 744 403 796 utrique
437 743 585 781 t'ontem
618 742 740 780 fuisse
774 743 861 779 ueri
893 747 952 780 est
984 742 1130 780 simile.

358 810 649 861 Exsequentis
680 811 820 848 aetatis
852 809 1118 860 scriptoribus
1151 813 1392 849 mentionem
1434 814 1519 850 eius
1560 813 1656 851 saeit
1687 812 1776 852 Se-

246 891 362 917 neca
396 877 655 929 philosophus
695 882 811 928 atque
852 879 1122 916 narrationem
1153 878 1350 930 quandam
1392 878 1455 929 (fr.
1490 877 1556 932 80)
1591 893 1635 919 ex
1674 880 1778 920 libro

245 946 569 985 duodeuicesimo
602 946 860 997 deprompsit.
924 945 1072 984 Deinde
1105 946 1305 985 Hadriano
1338 948 1578 998 imperatore
1611 949 1778 988 multum

244 1015 443 1053 lectitatus
476 1020 513 1052 et
547 1015 586 1052 in
626 1026 742 1051 usum
773 1015 1141 1052 conmentariorum
1174 1016 1530 1064 grammaticorum
1564 1021 1778 1068 excerptus

244 1089 320 1125 est,
363 1094 452 1121 cum
493 1081 694 1120 adrideret
736 1080 968 1120 hominibus
1016 1081 1097 1120 illis
1137 1083 1384 1133 antiquitatis
1424 1083 1613 1122 studiosis
1653 1096 1779 1135 genus

244 1150 452 1190 scribendi
485 1149 652 1200 simplex
685 1155 801 1201 atque
835 1149 1057 1188 horridum.
1119 1154 1162 1188 ut
1193 1150 1415 1195 Gellius,
1457 1153 1489 1190 si
1522 1153 1608 1190 eius
1640 1151 1779 1191 uerbis

244 1218 361 1256 tidem
393 1217 537 1261 habes,
579 1219 811 1269 frequenter
844 1230 933 1255 euin
966 1218 1063 1268 legit
1096 1223 1133 1255 et
1166 1223 1231 1256 aut
1263 1230 1309 1256 ex
1350 1231 1420 1257 sua
1452 1219 1624 1258 lectione
1655 1220 1779 1259 multa

244 1286 431 1325 noctibus
473 1287 555 1324 suis
586 1286 730 1324 Atticis
772 1287 942 1324 inseruit
981 1291 1047 1323 aut
1087 1287 1235 1323 amicos
1266 1285 1508 1325 Fauorinum
1548 1287 1664 1338 (VIIII
1699 1285 1778 1340 13),

243 1354 486 1392 Frontonem
525 1353 622 1403 XIII
645 1350 721 1397 29,
752 1351 807 1405 I),
845 1353 1042 1392 Iulianum
1076 1353 1279 1392 rhetorem
1313 1352 1391 1403 (XV
1418 1353 1475 1406 1),
1508 1355 1778 1406 Apollinarem

246 1422 471 1473 Sulpicium
505 1421 586 1470 (XX
618 1419 663 1466 G,
702 1420 763 1473 11)
808 1421 855 1459 de
897 1434 942 1459 eo
982 1422 1223 1460 disserentes
1264 1427 1301 1460 et
1341 1423 1519 1474 exempla
1550 1423 1779 1463 'adferentes

245 1492 353 1529 t'aeit.
417 1489 537 1541 quid?
570 1489 676 1540 quod
711 1489 828 1539 «XIIII
863 1487 932 1533 14,
970 1488 1004 1535 1)
1039 1489 1084 1527 ad
1118 1490 1352 1528 firmandam
1385 1491 1624 1542 scripturam
1655 1504 1778 1543 quan-

247 1558 334 1596 dam
367 1558 544 1609 ealiquot
576 1564 735 1595 ueteres
767 1557 914 1596 libros’
950 1570 990 1596 se
1023 1559 1243 1608 inspexisse
1268 1558 1472 1609 praedicat
1504 1564 1542 1597 et
1573 1558 1636 1598 uel
1668 1558 1778 1606 libri,

245 1638 361 1676 quem
397 1627 435 1663 in
469 1624 626 1663 Tiburti
661 1624 906 1663 bibliotheca
939 1625 1090 1664 uidisse
1123 1638 1164 1663 se
1206 1625 1322 1669 dieit,
1365 1628 1601 1665 auctoritate
1633 1627 1778 1678 gloria-

245 1699 321 1731 tur.
384 1692 508 1730 Porro
556 1695 672 1731 etiam
712 1693 1016 1731 Frontonem
1057 1695 1096 1732 in
1139 1693 1307 1744 epistula
1340 1694 1507 1745 quadam
1537 1707 1662 1745 genus
1693 1696 1779 1734 eius

244 1760 446 1799 scribendi
479 1760 657 1799 laudasse
693 1763 768 1799 iam
800 1773 918 1812 supra
951 1762 1355 1800 conmemorauimus.

357 1828 412 1866 Ex
453 1828 594 1866 horum
641 1834 771 1867 autem
818 1831 1060 1880 scriptorum
1102 1829 1278 1874 horreis,
1326 1842 1425 1881 quae
1470 1831 1617 1869 referta
1665 1836 1779 1870 erant

244 1897 434 1947 exemplis
466 1897 710 1941 Claudianis,
753 1898 820 1947 qui
853 1902 987 1948 postea
1020 1897 1065 1934 de
1099 1896 1221 1934 rebus
1252 1899 1525 1947 grammaticis
1557 1910 1678 1948 egere
1712 1904 1779 1938 aut

242 1964 477 2014 glossemata
510 1964 707 2014 collegere
741 1970 806 2003 aut
840 1970 973 2015 poetas
1006 1965 1333 2015 explieauertmt,
1368 1978 1436 2005 sua
1469 1968 1685 2017 sumpsisse
1717 1968 1777 2005 ui-

244 2033 407 2077 dentur,
449 2044 576 2082 neque
618 2037 772 2070 exstant
809 2037 918 2071 certa
962 2033 1153 2082 uestigia,
1196 2035 1316 2072 etiam
1355 2038 1445 2084 post
1485 2033 1583 2072 illud
1625 2039 1778 2085 tempus

247 2100 401 2139 Claudii
435 2101 596 2138 annales
637 2101 677 2137 in
709 2099 844 2138 multis
877 2099 1060 2138 inanibus
1093 2098 1271 2152 suisse.¹)
1333 2113 1421 2139 nam
1454 2101 1660 2140 Nonium
1699 2114 1779 2141 non

247 2170 466 2219 inspexisse
499 2170 627 2219 ipsum
661 2167 869 2206 Claudium
903 2169 966 2205 uix
1001 2173 1058 2205 est
1091 2180 1163 2206 eur
1195 2181 1320 2213 nunc,
1363 2174 1572 2221 postquam
1612 2175 1668 2209 tot
1700 2174 1778 2208 tam

246 2236 364 2274 elaris
404 2236 594 2286 exemplis
634 2235 835 2273 leuissima
870 2236 970 2273 ratio
1003 2237 1088 2273 eius
1122 2236 1363 2287 excerpendi
1402 2242 1439 2275 et
1477 2236 1777 2277 transcribendi

246 2304 511 2342 demonstrata
545 2309 623 2348 est,
664 2315 908 2342 moneamus.
971 2303 1115 2341 slmilia
1150 2315 1244 2342 uero
1283 2305 1403 2343 etiam
1443 2305 1490 2344 de
1521 2304 1777 2344 Macrobio

247 2374 308 2421 11¹2:
332 2369 463 2423 45st'ff
498 2373 693 2422 scriptore
717 2371 831 2409 Nonii
864 2370 966 2409 haud
999 2370 1197 2416 dissimili,
1231 2372 1278 2410 de
1310 2371 1490 2411 Seruio
1524 2370 1586 2422 (fr.
1610 2370 1680 2412 31.
1704 2369 1773 2412 52.

337 2515 360 2555 ¹)
389 2517 517 2548 Mirum
545 2521 600 2548 est
627 2515 721 2557 quod
741 2515 886 2548 Closset
912 2527 943 2557 p.
962 2516 1027 2547 495
1054 2515 1241 2548 Claudium
1268 2527 1382 2558 usque
1411 2517 1457 2548 ad
1480 2517 1628 2549 Ioannis
1648 2518 1776 2550 Sares-

246 2573 425 2604 heriensis
451 2576 613 2605 aetutem
638 2573 850 2614 peruenisse
879 2572 1085 2603 existumat.
1134 2573 1196 2604 ubi
1223 2575 1315 2605 enim
1342 2584 1421 2605 eum
1446 2574 1536 2605 citat
1566 2572 1713 2613 (Potior.
1745 2575 1775 2606 V

246 2631 303 2669 7,,
337 2640 403 2661 sut
434 2629 557 2660 hausit
583 2640 627 2660 ex
660 2628 778 2661 Gellio
812 2626 954 2670 (1118).
1004 2628 1051 2663 ef,
1085 2629 1207 2661 adnot.
1241 2630 1287 2661 ad
1321 2630 1441 2662 Valer.
1476 2629 1558 2661 Ant.
1595 2630 1637 2661 fr.
1663 2631 1703 2661 21
1739 2632 1775 2661 et:

247 2685 542 2717 Sehaarsehmidt
572 2686 743 2717 Jolmnues
776 2684 1046 2717 Saresb‹21·ien.s·z's
1078 2687 1111 2717 in
1142 2688 1265 2718 seinem
1302 2686 1517 2718 Verlzci'llniss
1554 2697 1614 2717 zm·
1652 2685 1774 2718 massi-

245 2743 345 2773 selcen
372 2742 564 2773 hiller-ntur
590 2742 625 2772 in
654 2751 748 2774 nouo
775 2751 863 2772 mus.
894 2741 1007 2772 leben.
1032 2742 1141 2774 XIIII
1167 2742 1283 2782 (1859)
1311 2753 1344 2784 p.
1371 2743 1448 2775 206.

339 2798 366 2836 ¹³)
394 2799 543 2829 Duobus
569 2802 666 2829 certe
694 2797 777 2829 altis
803 2796 890 2829 locis
917 2797 1054 2831 (adnot.
1083 2798 1127 2828 ad
1156 2798 1196 2829 fr.
1223 2799 1278 2831 44.
1305 2796 1379 2839 53),
1407 2798 1467 2829 ubi
1493 2798 1777 2840 Quadrigarium

249 2853 394 2893 citauit,
434 2854 479 2885 ad
517 2855 661 2885 uerbum
701 2853 896 2896 descripsit
928 2853 1095 2887 Gellium.
1138 2853 1210 2886 uid.
1242 2854 1320 2888 Ian.
1348 2853 1510 2896 prolegg.
1539 2854 1584 2887 ad
1616 2854 1775 2887 Macrob.
