1884 3213
527 190 567 222 L.
594 190 785 224 CINCIVS
812 189 1091 222 ALIMENTVS
1487 196 1577 226 CXV

58 318 101 344 ex
135 306 263 344 Cincii
295 317 398 342 anno
430 305 542 343 urbis
573 305 691 343 natali
717 302 778 355 (fr.
801 303 856 345 41,
889 317 1003 355 quem
1029 305 1081 341 ita
1103 303 1303 354 explicare
1326 301 1576 345 studuerunt,

57 379 99 412 ut
131 374 178 411 ad
209 374 374 423 Augusti
406 377 630 423 temporum
664 374 857 410 rationem
891 372 1453 421 referrenthuiusquegratia
1487 382 1577 408 eum

58 442 324 491 excogitatum
356 453 440 478 esse
473 437 736 491 censerent.¹)
799 452 870 489 ego
910 446 1039 478 tamen
1078 440 1177 477 mibi
1217 438 1458 489 persuadere
1499 450 1577 476 non

56 521 234 560 possum,
275 508 506 559 Dionysium
545 508 934 552 llalicarnasensem,
974 509 1041 558 qui
1081 521 1112 544 a.
1153 505 1190 544 7.
1224 503 1302 544 747
1344 506 1573 544 archaeolo-

56 578 160 626 giam
193 576 383 620 condidit,
418 577 470 614 ita
503 588 581 614 non
613 588 772 613 manum
805 577 892 613 eius
923 577 989 625 qui
1030 574 1162 625 paullo
1201 579 1291 612 ante
1331 587 1429 624 opus
1461 586 1575 611 suum

58 644 260 688 edidisset,
294 645 524 694 agnouisse,
566 649 607 681 ut
646 655 744 694 quae
784 645 824 681 iu
862 643 1014 681 Latinis
1054 641 1263 680 annalibus
1303 642 1473 692 legeret,
1508 653 1578 691 pro

57 712 245 750 Alimcnti
276 713 518 750 testimoniis
556 723 671 762 quem
711 712 858 750 Graece
897 711 1106 761 scripsisse
1151 711 1233 761 ipse
1272 709 1470 753 adfirmat,
1513 709 1578 746 ba-

59 780 184 818 beret.
246 781 302 818 sit)
336 785 373 818 et
405 779 616 829 Dionysius
649 784 687 817 et
709 779 870 818 Cincius
902 779 1148 829 antiquarius
1180 777 1331 815 fraudis
1354 783 1484 815 essent
1516 790 1578 815 ac-

57 845 277 899 cusandi.'-')
342 847 484 885 deInde
515 847 731 886 Mommsen
764 852 801 885 et
832 846 969 885 Pluess
1002 847 1077 884 etsi
1110 847 1206 883 scite
1239 850 1354 896 atque
1387 851 1498 884 acute
1532 846 1579 883 de

58 928 185 959 causa,
220 928 291 953 cur
323 915 388 953 hic
420 927 546 953 annus
577 914 689 953 urbis
722 915 863 953 natalis
895 928 913 953 a
947 914 1085 953 Cincio
1117 914 1342 963 antiquario
1376 914 1489 951 fictus
1521 926 1579 950 cs-

59 989 129 1026 sct,
162 983 428 1034 disputarunt,
461 988 591 1021 tamen
625 982 672 1020 ab
705 995 749 1021 ea
781 983 968 1034 opinione
1000 982 1173 1033 profecti
1212 986 1324 1025 sunt,
1372 987 1412 1019 ut
1452 982 1578 1020 (lincii

60 1052 295 1089 recentioris
327 1063 416 1088 cum
449 1064 534 1089 esse
565 1055 772 1102 ponerent,
806 1050 1137 1101 Dionysiumque,
1177 1050 1292 1087 euius
1324 1049 1461 1087 uerbis
1493 1050 1579 1086 sine

59 1118 180 1157 dubio
212 1118 431 1156 Alimentus
463 1119 624 1162 dicitur,
657 1124 723 1156 aut
754 1118 896 1157 salsum
918 1130 1003 1155 esse
1036 1122 1101 1155 aut
1124 1117 1260 1155 fallere
1292 1117 1480 1161 uoluisse,
1514 1130 1580 1155 nc-

59 1199 133 1237 que
165 1191 395 1224 struxerunt
426 1185 692 1230 fundamenta,
726 1185 871 1236 quibus
910 1187 1105 1224 sententia
1146 1184 1210 1222 illa
1250 1184 1449 1223 fulcienda
1483 1190 1579 1223 erat.

61 1267 150 1291 nam
182 1254 284 1305 apud
316 1253 549 1304 Dionysium
581 1254 710 1292 Cincii
744 1254 981 1292 recentioris
1013 1265 1083 1291 nos
1122 1252 1246 1290 uerba
1278 1252 1409 1302 legere
1441 1258 1582 1291 neuter

60 1327 172 1359 antea
221 1321 406 1360 ostendit.
477 1321 647 1371 denique
687 1321 791 1372 quod
837 1321 975 1359 Pluess
1014 1334 1051 1371 p.
1093 1318 1147 1359 35
1186 1320 1471 1369 Kiesslingium
1520 1319 1581 1371 (de

59 1389 172 1427 Dion.
207 1390 303 1427 sont.
328 1401 365 1439 p.
396 1386 458 1440 15)
493 1394 655 1427 secutus
688 1390 729 1426 in
762 1388 899 1427 uerbis
932 1385 1122 1433 Λεύκιος
1143 1387 1326 1438 Κίγκιος
1357 1379 1469 1440 ἀνὴρ
1492 1387 1582 1425 τῶν

61 1453 110 1494 ἐκ
141 1455 220 1494 τοῦ
249 1455 549 1507 βουλευτικοῦ
579 1454 821 1507 συνεδρίου
853 1455 1002 1507 aliquid
1036 1455 1115 1494 sibi
1140 1455 1344 1505 indagasse
1366 1457 1477 1493 uisus
1509 1461 1581 1498 est,

60 1516 163 1575 quod
195 1525 461 1563 recentiorem
501 1523 689 1575 proderet
721 1524 925 1569 Cincium,
959 1536 1049 1561 cum
1081 1524 1146 1562 hic
1183 1525 1324 1575 proaui
1358 1524 1580 1562 csenatorii'

61 1594 295 1631 auctoritate
329 1597 537 1630 conmenta
570 1605 639 1630 sua
662 1592 870 1630 uenditare
892 1591 1097 1635 uoluisset,
1133 1591 1172 1629 id
1194 1593 1259 1630 uix
1284 1592 1467 1642 cuiquam
1491 1605 1581 1643 pro-

62 1659 185 1698 babit.
229 1661 279 1698 ci'.
304 1672 421 1711 supra
445 1673 481 1711 p.
506 1659 673 1698 LXXXV
695 1673 752 1710 sq.
796 1660 869 1698 hoc
902 1661 1007 1698 enim
1038 1661 1142 1698 scire
1173 1672 1251 1698 non
1283 1659 1411 1697 solum
1441 1672 1580 1698 eorum

61 1733 145 1766 erat
185 1729 252 1778 qui
284 1740 329 1765 ex
361 1727 549 1766 Alinienti
591 1729 715 1778 stirpe
755 1728 954 1777 originem
996 1727 1212 1771 ducebant,
1255 1727 1322 1765 sed
1355 1729 1581 1778 quicunque

61 1797 148 1833 eius
171 1795 331 1833 annales
364 1795 472 1845 legit,
506 1795 670 1839 uiderit,
703 1808 791 1834 eum
815 1800 1039 1846 praetorem
1062 1796 1198 1839 fuisse,
1232 1796 1379 1846 quippe
1402 1808 1517 1846 quem
1542 1798 1580 1834 in

62 1863 229 1901 historia
261 1862 471 1900 scribenda
504 1864 565 1901 sui
597 1874 836 1914 suarumcjlue
869 1875 1002 1902 rerum
1034 1864 1228 1901 rationem
1261 1862 1419 1901 duxisse
1444 1876 1489 1901 ex
1520 1863 1582 1901 Li-

61 1932 127 1969 uio
162 1930 223 1981 (fr.
257 1929 295 1982 7)
329 1935 564 1981 conpertum
597 1930 824 1969 habeamus.
886 1931 968 1969 uid.
1002 1943 1120 1982 supra
1153 1943 1190 1981 p.
1225 1930 1320 1968 CIII.

174 2000 297 2049 Atque
330 1998 425 2036 haec
458 1998 617 2049 quidem
649 1998 696 2037 de
728 1999 856 2038 Cincii
890 1999 1134 2048 fragmentis,
1167 2010 1265 2048 quae
1290 1998 1469 2036 inlibris
1490 1998 1581 2039 Dio-

155 2155 178 2198 ¹)
203 2156 257 2188 De
283 2156 351 2187 hae
378 2165 414 2187 re
442 2156 625 2188 consentit
649 2156 778 2188 Pluess
798 2166 877 2188 eum
896 2155 1129 2196 Mommseno,
1157 2155 1241 2187 dein
1258 2165 1345 2187 uero
1363 2156 1426 2186 ubi
1444 2155 1489 2187 ad
1509 2166 1582 2188 rem

62 2212 274 2244 adcuratius
301 2211 541 2244 definiendam
569 2212 707 2253 pergit,
741 2213 786 2245 ab
818 2223 860 2245 eo
886 2213 1068 2246 discessit.
1119 2212 1181 2244 sed
1214 2213 1250 2243 in
1281 2212 1348 2243 has
1382 2222 1440 2243 res
1472 2211 1582 2243 altius

62 2269 257 2310 inquirere,
284 2278 379 2299 nunc
404 2267 562 2300 alienum
587 2270 654 2302 est.

151 2323 181 2365 ²)
206 2324 420 2364 Dionysium
448 2323 588 2356 fraudis
613 2324 801 2356 insimulat
825 2325 967 2364 Pluess,
995 2325 1055 2366 qui
1080 2324 1137 2364 (de
1157 2324 1256 2355 Cinc.
1279 2335 1312 2366 p.
1331 2324 1387 2364 34)
1416 2327 1582 2356 constare

62 2380 178 2411 uideri
204 2380 292 2411 dicit
316 2381 477 2411 historiae
498 2381 692 2421 fragmenta
717 2392 781 2413 non
807 2391 852 2412 ex
877 2383 950 2421 ipso
971 2381 1101 2412 Graeco
1119 2385 1282 2422 tamqnam
1300 2381 1498 2422 arclzelpspo,
1523 2381 1585 2411 sed

64 2447 109 2468 ex
134 2437 258 2468 Latino
284 2438 395 2477 ulique
419 2436 514 2476 fonte
540 2437 716 2477 desumpta
741 2447 824 2471 esse.
875 2437 1005 2468 deinde
1033 2448 1065 2478 p.
1084 2438 1126 2468 35
1153 2446 1267 2477 agens
1293 2436 1337 2467 de
1365 2446 1458 2467 anno
1484 2436 1584 2467 urbis

64 2492 182 2524 natali
206 2495 317 2534 negat
342 2491 403 2523 ille
430 2491 574 2533 quidem
600 2492 679 2524 eius
704 2493 800 2523 modi
832 2496 1009 2534 conputos
1040 2494 1076 2523 111
1108 2492 1148 2526 L.
1175 2492 1337 2523 Cincium
1364 2482 1582 2522 Alimentum

66 2549 213 2589 eiusque
241 2550 401 2580 aetatem
426 2548 554 2579 cadere
581 2547 644 2579 sed
671 2548 847 2585 concedit,
875 2548 1089 2589 Dionysium
1116 2549 1158 2579 de
1183 2551 1307 2580 uetere
1324 2548 1451 2579 Cincio
1469 2547 1581 2587 loqui,

65 2604 101 2635 id
128 2603 219 2645 quod
246 2603 382 2644 ordine,
409 2614 477 2645 quo
497 2604 645 2636 Cincius
662 2604 800 2637 Fabius
825 2604 890 2635 alii
917 2604 960 2636 de
986 2604 1054 2636 hac
1081 2614 1117 2635 re
1136 2608 1300 2635 auctores
1326 2612 1583 2645 percenseren-

64 2663 122 2691 tur
147 2660 236 2692 satis
262 2659 486 2690 declaratum
511 2660 568 2691 sit.
618 2663 743 2692 eontra
770 2660 896 2692 Cincio
922 2660 975 2692 illi
1001 2661 1196 2693 recentiori
1221 2661 1388 2700 inputare
1420 2657 1582 2689 fraudem

64 2716 210 2747 uidetur
227 2716 437 2755 Mommsen,
464 2716 525 2756 qui
550 2716 586 2746 in
613 2716 645 2749 h.
671 2716 771 2751 Rom.
796 2716 818 2748 l.
843 2727 869 2748 S.
896 2717 987 2748 haec
1013 2716 1223 2748 adnotauit:
1253 2716 1323 2745 Das
1348 2715 1419 2745 dem
1446 2714 1486 2744 L.
1507 2714 1582 2745 Cin—

65 2773 135 2803 eius
159 2758 355 2810 AEz'mentus,
382 2772 486 2802 einem
504 2771 741 2812 Zeityenossen
758 2774 819 2804 cles
835 2773 959 2804 Fabius
984 2773 1174 2812 beiqelegyte,
1201 2770 1363 2809 ebenfalls
1377 2769 1583 2810 griechiselze

67 2826 351 2859 Gesclziclctswerlc
377 2827 504 2858 selzeint
533 2828 815 2869 zc7zter9eselzoben
845 2830 914 2860 und
942 2831 994 2860 ein
1027 2827 1221 2858 Machwerk
1250 2836 1310 2857 aas
1334 2826 1584 2867 azcyuslez'sclzer

67 2885 152 2917 Zeit.
190 2884 234 2924 ef'.
261 2884 375 2916 cleron.
399 2894 434 2924 p.
459 2883 535 2916 271.

1269 2936 1312 2969 8ss
