1884 3213
247 204 418 235 comm
599 194 664 226 DE
692 192 1002 226 SCRIPTORVM
1028 193 1156 226 v1T1s
1183 194 1246 226 ET
1273 192 1494 227 SCRIPTIS

247 309 466 348 narrationi
499 307 725 346 rhetoricae
757 306 873 345 fidem
906 306 1048 352 habes,
1089 307 1158 346 illo
1198 319 1300 346 anno
1340 307 1602 359 optimatibus
1633 313 1772 360 poten-

245 378 339 414 tiam
372 380 411 413 ct
441 377 721 414 auctoritatem
753 376 943 414 restituit.

358 455 412 493 Ex
446 455 599 494 relicua
630 457 716 494 eius
747 456 830 493 nita
862 454 936 494 hoc
968 466 1092 493 unum
1114 456 1330 494 memoriae
1351 453 1545 493 traditum
1577 460 1649 499 est,
1683 467 1773 494 eum

250 522 430 561 *sortasse
463 535 496 561 a.
530 520 596 561 952.
630 520 724 574 662)
759 523 933 572 legatum
965 523 1007 560 in
1037 523 1211 561 Africam
1250 523 1416 561 missum
1456 527 1494 561 et
1525 536 1559 561 a.
1592 520 1658 561 91.
1691 520 1774 563 663

247 589 321 628 ‘ob
356 590 568 639 legationis
598 591 793 629 Asiaticae
826 589 1022 628 inuidiam
1053 595 1091 629 et
1113 590 1305 629 aduersus
1336 590 1444 641 leges
1468 595 1672 642 captarum
1704 603 1773 642 pe-

247 654 517 709 cuniarum'1)
551 670 663 697 reum
696 658 1008 709 repetundarum
1040 658 1126 708 loge
1166 659 1318 696 sactum
1357 670 1442 696 esse
1474 670 1494 696 a
1524 658 1569 704 Q.
1602 658 1774 697 Seruilio

247 726 444 776 Caepione
479 723 631 773 (Ascon.
665 726 689 764 1.
724 726 786 778 s).
849 725 967 776 paulo
998 731 1085 777 post
1117 726 1222 765 diem
1254 738 1484 777 supremum
1525 725 1644 772 obiit,
1684 738 1774 765 nam

248 806 280 831 a.
314 790 380 832 88.
405 790 486 832 666
518 795 604 832 eius
636 806 735 832 uxor
758 794 948 839 Caecilia,
982 794 1101 832 uidua
1134 793 1183 832 ab
1216 806 1263 832 eo
1294 794 1453 839 relicta,
1486 793 1618 834 Sullae
1640 795 1775 845 nupsit

249 860 465 910 (Drnmann
497 861 532 899 ΙΙ
564 874 600 912 p.
633 859 759 913 37).2)

361 941 466 979 Haec
499 941 623 991 igitur
644 940 692 979 M.
716 940 870 980 Aurelii
892 940 1033 980 Scauri
1064 942 1140 981 suit
1161 942 1256 986 uita,
1289 942 1371 993 qui,
1402 946 1445 980 ut
1476 942 1530 980 ait
1552 941 1703 985 Cicero,
1737 941 1772 979 ‘a

246 1009 287 1047 C.
321 1009 501 1048 Graccho
534 1021 658 1060 nsque
682 1009 729 1047 ad
752 1009 796 1055 Q.
820 1008 980 1048 Varium
1003 1009 1208 1048 seditiosis
1237 1009 1424 1048 omnibus
1455 1010 1623 1053 restitit,
1657 1021 1772 1060 quem

246 1089 461 1128 numquam
485 1076 564 1115 ulla
586 1078 661 1122 uis,
685 1077 789 1115 ullae
811 1077 956 1121 minae,
980 1077 1059 1116 ulla
1076 1077 1229 1116 inuidia
1247 1077 1451 1116 labefecit’
1478 1077 1562 1128 (pro
1582 1076 1687 1116 Sext.
1705 1073 1773 1121 47,

247 1142 355 1196 101).
398 1146 713 1196 quotiescunque
746 1145 871 1194 igitur
893 1146 1050 1184 occasio
1074 1145 1161 1185 data
1184 1150 1262 1189 est,
1296 1158 1316 1184 a
1339 1145 1532 1184 Cicerone
1556 1142 1621 1195 (cf.
1645 1144 1773 1183 Orelli

245 1225 375 1250 onom.
407 1225 443 1263 p.
469 1210 519 1250 17
552 1211 649 1264 sqq.)
684 1217 884 1264 tamquam
916 1214 1169 1264 optimatium
1201 1213 1445 1265 praesidium
1477 1217 1515 1251 et
1545 1224 1772 1264 propugna-

244 1280 377 1319 culum
410 1281 568 1319 eximiis
600 1280 814 1319 decoratur
836 1280 1041 1325 laudibus,
1075 1293 1202 1332 neque
1233 1280 1313 1319 ulla
1345 1285 1405 1319 est
1429 1282 1577 1325 uirtus,
1609 1284 1775 1331 propter

244 1360 360 1398 quam
392 1347 587 1387 Scaurum
626 1360 705 1387 non
745 1347 1029 1387 celebrauerit.
1092 1354 1208 1400 atque
1248 1348 1295 1387 de
1336 1349 1498 1399 ingenio
1537 1347 1699 1399 quidem
1737 1348 1774 1386 ci

244 1415 503 1455 concedimus
534 1415 638 1454 haud
670 1415 930 1455 mediocriter
973 1416 1166 1455 Scaurum
1198 1417 1321 1454 fuisse
1361 1428 1381 1454 a
1420 1422 1562 1455 natura
1600 1416 1772 1454 instruc-

244 1488 340 1521 tum.
397 1483 465 1522 sed
497 1484 530 1522 si
562 1484 603 1521 in
634 1496 831 1534 quoquam
863 1483 1045 1528 homine,
1080 1485 1120 1522 in
1150 1483 1224 1522 hoc
1256 1484 1445 1534 cognosci
1476 1488 1618 1535 potest,
1651 1494 1773 1534 quan-

243 1556 326 1588 tum
365 1557 594 1589 senatorum
633 1550 903 1590 Romanorum
944 1563 1076 1589 mores
1115 1564 1135 1590 a
1175 1551 1307 1602 prisca
1353 1550 1420 1589 illa
1466 1552 1696 1601 integritate
1736 1555 1775 1589 et

244 1619 439 1668 grauitate
472 1618 707 1657 defecerint.
762 1619 1019 1658 seueritatem
1059 1618 1219 1670 quidem
1251 1620 1473 1657 retinuerat
1504 1623 1619 1670 atque
1650 1631 1772 1657 unum

245 1697 291 1723 ex
330 1685 441 1729 filiis,
483 1687 551 1736 qui
591 1685 638 1724 ad
676 1686 852 1725 Athesim
891 1686 1038 1725 flumen
1075 1698 1165 1725 cum
1198 1686 1334 1725 Catulo
1374 1699 1395 1724 a
1426 1685 1599 1725 Cimbris
1636 1686 1774 1737 pulsus

245 1753 422 1803 fugerat,
464 1758 543 1791 tam
576 1752 735 1792 acerbis
766 1753 904 1792 uerbis
935 1755 1162 1804 castigauit,
1206 1759 1248 1792 ut
1280 1753 1345 1792 ille
1378 1753 1456 1792 sibi
1489 1755 1572 1805 ipse
1604 1758 1773 1793 mortem

246 1821 515 1859 conscisceret
549 1819 688 1863 (Valer.
721 1821 820 1860 Max.
846 1821 874 1858 V
896 1819 934 1865 8,
957 1819 997 1860 4.
1030 1822 1132 1861 Plut.
1157 1821 1204 1860 de
1236 1822 1328 1860 fort.
1353 1821 1464 1860 Rom.
1487 1818 1526 1859 5.
1553 1818 1616 1859 10.
1648 1821 1772 1860 Fron-

244 1888 316 1925 tin.
351 1887 422 1926 IIII
457 1886 499 1931 1,
535 1885 624 1939 13),
666 1894 704 1927 at
736 1890 965 1929 innocentia
996 1890 1120 1928 animi
1151 1901 1242 1928 cum
1282 1888 1390 1927 illius
1421 1889 1563 1927 aetatis
1593 1888 1774 1927 moribus

244 1960 328 1993 tum
360 1960 586 1994 mercatura
618 1961 655 1994 et
684 1958 876 2007 negotiis,
910 1956 1056 2008 quibus
1087 1958 1217 2008 primo
1250 1956 1407 1995 deditus
1430 1957 1578 2001 luerat,
1612 1957 1664 1995 ita
1688 1968 1773 1996 esse

247 2021 388 2061 adtrita
420 2022 594 2067 uidetur,
635 2029 675 2061 ut
712 2036 828 2075 saepe
860 2025 986 2063 salute
1018 2023 1177 2076 publica
1209 2023 1436 2076 posthabita
1467 2036 1582 2062 suum
1612 2036 1771 2063 conmo-

246 2089 337 2127 dnm
371 2096 618 2141 sequeretur.
661 2104 897 2143 quamquam
929 2104 1069 2142 magna
1101 2091 1313 2143 prudentia
1345 2096 1382 2130 et
1413 2091 1569 2131 callidis
1591 2091 1773 2131 consiliis

246 2157 480 2209 plerumque
514 2159 566 2197 ita
597 2170 680 2197 rem
714 2159 951 2205 occultauit,
987 2165 1028 2197 ut
1059 2171 1197 2197 rumor
1229 2159 1387 2210 quidem
1421 2160 1461 2197 in
1494 2159 1636 2209 uulgus
1667 2171 1771 2198 ema-

246 2230 377 2269 naret,
418 2227 607 2264 conuinci
639 2231 770 2265 autem
802 2227 954 2266 fraudis
994 2239 1073 2265 non
1104 2231 1250 2278 posset.
1312 2239 1440 2278 neque
1478 2238 1576 2265 uero
1609 2231 1669 2265 est
1700 2238 1772 2266 cur

247 2292 458 2336 miremur,
500 2293 646 2344 populo
678 2296 948 2345 suspicionem
980 2299 1127 2333 motam
1158 2306 1264 2339 esse,
1306 2306 1395 2333 cum
1427 2294 1621 2338 Scaurus,
1655 2306 1772 2345 quem

248 2361 546 2410 pauperrimum
579 2360 756 2406 uiderat,
801 2361 933 2400 subito
966 2361 1151 2401 omnibus
1191 2363 1319 2413 copiis
1350 2363 1605 2413 omniumque
1636 2373 1770 2399 rerum

341 2549 365 2591 ¹)
393 2549 511 2581 valer.
537 2550 633 2582 Max.
659 2550 714 2582 III
739 2551 771 2591 7,
796 2552 817 2583 8
843 2561 923 2583 eum
949 2562 970 2583 a
995 2551 1208 2584 Mithridate
1233 2552 1278 2584 ob
1304 2562 1379 2584 rem
1405 2562 1438 2594 p.
1464 2551 1688 2594 prodendam
1711 2562 1772 2594 pe-

250 2607 394 2637 cuniam
426 2606 613 2648 accepisse
647 2606 778 2647 refert,
818 2607 881 2638 sed
913 2617 994 2640 cum
1030 2609 1108 2640 eius
1139 2608 1300 2641 narratio
1332 2618 1452 2640 errore
1488 2609 1642 2646 nitatur,
1673 2607 1773 2640 nolui

249 2673 326 2694 cam
353 2672 466 2704 supra
491 2662 607 2703 sequi.

338 2717 365 2758 ²)
392 2718 511 2749 Fuere
545 2718 606 2759 qui
632 2729 653 2750 a
678 2717 822 2750 Lucilio
850 2718 954 2758 (Non.
983 2729 1009 2750 s.
1036 2728 1068 2751 u.
1096 2724 1251 2752 excanto
1278 2731 1310 2762 p.
1340 2721 1402 2752 102
1426 2734 1470 2746 =
1502 2719 1545 2752 fr.
1572 2719 1607 2752 II
1640 2720 1660 2751 6
1685 2719 1772 2752 Ger-

252 2772 345 2804 lach.
391 2774 481 2812 Quae
507 2784 567 2815 eqo
585 2784 670 2805 nunc
687 2774 829 2805 Aemillo
852 2780 1040 2815 praeeunte
1065 2780 1165 2817 atque
1191 2777 1292 2817 eaeiyo
1317 2780 1348 2808 et
1366 2774 1525 2817 excanto)
1552 2775 1645 2807 hunc
1662 2774 1772 2807 Scau-

249 2838 323 2858 rum
355 2829 491 2860 ‹lietum
530 2839 611 2861 esse
651 2830 916 2861 existimarent.
970 2829 1103 2862 Certae
1142 2834 1264 2864 tamen
1303 2841 1434 2863 causae
1474 2832 1551 2864 eius
1587 2831 1770 2873 opinionis

249 2883 371 2915 nullae
397 2887 490 2916 sunt.
518 2885 564 2919 cs.
591 2883 755 2918 Gerlach.
782 2886 897 2927 praef.
924 2896 958 2927 p.
986 2885 1122 2919 XXIII.
