1884 3213
524 167 721 198 VALEun
750 166 974 200 AN'rIA‘rls
1002 167 1224 199 ANNALEs
1556 169 1630 209 261

117 293 209 319 reus
247 293 387 329 magno
420 283 575 329 agmine.
608 282 826 319 amicoriun
859 280 1145 332 clientiunupie
1178 294 1248 332 per
1281 282 1448 321 mediam
1483 285 1634 322 contio-

87 360 205 386 ·neln
238 347 283 386 ad
318 352 442 385 rostra
477 348 610 392 subiit,
644 348 882 398 silentioque
915 348 1017 386 sacto
1051 348 1156 386 ‘hoc’
1193 351 1320 399 inquit
1353 349 1446 393 ‘dii-¹,
1481 350 1633 389 tribuni

54 896 84 919 10

52 1235 82 1259 15

45 1572 78 1596 20

43 1907 75 1932 25

115 414 244 465 plebis
276 427 424 466 uosque.
448 417 637 461 Quirites,
670 428 759 453 cum
785 415 1006 453 Hannibale
1030 420 1067 453 et
1090 416 1486 466 Carthaginiicusibus
1509 419 1634 467 siguis

116 482 283 520 conlatis
316 483 355 520 in
387 483 519 520 At'rica
555 482 655 521 bene
696 496 740 520 ac
773 483 947 521 feliciter
980 484 1168 533 pugnaui.
1232 484 1362 534 itaque
1396 496 1484 522 cum
1518 485 1633 523 bodie

115 549 254 587 litibus
295 554 333 587 et
366 550 508 599 iurgiis
539 550 792 599 supersederi
832 562 1000 599 aequum
1033 552 1098 599 sit,
1132 563 1203 597 ego
1237 550 1329 588 hinc.
1362 551 1559 602 extemplo
1594 553 1631 589 in

113 617 349 667 Capitoliumn
390 616 434 654 ad
467 616 600 654 louein
642 618 834 667 optimum
868 618 1082 655 maximum
1114 616 1385 668 limonemque
1417 623 1455 656 et
1486 618 1631 657 Miner-

114 696 200 722 uam
234 689 465 735 ceterosque
497 683 610 727 deos,
649 685 716 734 qui
749 684 941 734 Capitolio
973 691 1088 735 atque
1121 685 1203 722 arci
1237 685 1485 735 praesident,
1528 687 1630 724 salu—

111 751 249 789 tandos
289 750 354 789 ibo
387 751 526 801 bisque
565 752 712 800 gratias
751 763 882 800 agam,
920 752 1023 802 quod
1063 752 1162 790 mihi
1202 758 1239 789 ct
1271 752 1344 790 boc
1380 754 1464 803 ipso
1498 754 1559 790 die
1592 758 1630 791 et

110 830 226 869 saepe
259 818 354 857 alias
385 819 543 867 egregie
575 818 773 867 gerendae
806 819 864 856 rei
897 818 1082 869 publicae
1114 826 1288 857 mentem
1321 820 1629 871 facultatemque

110 885 316 923 dederunt.
378 890 557 923 uestrum
596 898 751 936 quoque
783 885 930 937 quibus
962 886 1212 923 commodum
1245 892 1323 927 est,
1365 889 1542 932 Quirites
1576 890 1627 925 ite

108 964 262 991 mecmn
295 956 333 990 et
363 958 474 991 orate
506 953 618 997 deos,
651 957 693 991 ut
725 955 803 991 mei
835 953 986 991 similes
1018 954 1221 1003 principes
1254 953 1452 997 babeatis,
1490 956 1560 998 ita,
1595 957 1627 993 si

107 1019 156 1057 ab
194 1021 308 1058 annis
339 1020 621 1070 septemdecim
654 1020 698 1058 ad
733 1025 979 1058 senectutem
1011 1033 1167 1071 semper
1201 1033 1270 1058 uos
1302 1025 1468 1059 aetatem
1501 1035 1626 1061 meam

106 1086 327 1125 honoribus
365 1088 505 1126 vestris
547 1088 748 1131 anteistis,
788 1100 860 1137 ego
902 1092 1055 1125 uestros
1086 1087 1258 1126 bonores
1290 1088 1410 1126 rebus
1441 1090 1627 1139 gerendis

105 1155 336 1204 praecessi.'
370 1154 418 1193 ab
451 1156 594 1192 rostris
628 1155 667 1192 in
699 1154 937 1204 Capitolium
970 1155 1158 1193 escendit.
1212 1155 1330 1193 simul
1363 1169 1403 1193 se
1436 1158 1623 1194 uniuersa
1665 1182 1669 1189 .

108 1223 239 1259 contio
271 1223 418 1260 auertit
450 1227 488 1259 ct
520 1226 654 1260 secuta
687 1223 914 1272 Scipionem
948 1228 1018 1265 est,
1052 1222 1148 1260 adeo
1180 1228 1222 1260 ut
1246 1228 1445 1272 postremo
1469 1223 1624 1261 scribae

107 1289 358 1339 uiatoresque
390 1289 575 1327 trIbunos
607 1289 901 1340 relinquerent.
943 1302 1014 1327 nec.
1048 1302 1136 1327 cum
1172 1291 1219 1327 iis
1251 1295 1410 1340 praeter
1441 1291 1622 1329 servilem

105 1357 334 1394 comitatum
368 1361 405 1394 et
438 1368 688 1407 praeconem,
722 1358 789 1407 qui
823 1369 934 1394 reum
968 1369 1013 1393 ex
1047 1358 1188 1394 rostris
1221 1357 1380 1399 citabat,
1414 1359 1623 1408 quisquam

104 1429 219 1461 esset.
266 1423 400 1474 Scipio
434 1437 510 1462 non
544 1425 583 1461 in
607 1424 800 1474 Capitolio
832 1424 961 1467 modo,
995 1424 1061 1462 sed
1093 1437 1163 1474 per
1185 1429 1304 1462 totam
1328 1424 1468 1462 urbem
1492 1427 1621 1463 omnia

105 1491 247 1541 templa
280 1490 396 1529 deum
429 1504 518 1529 cum
551 1491 697 1541 populo
719 1491 895 1529 Romano
918 1493 1132 1529 circumiit.
1181 1491 1422 1529 ‹·el‹1›bratior
1444 1493 1476 1529 is
1498 1504 1621 1543 prope

104 1557 187 1595 dies
229 1559 366 1596 fauore
410 1558 614 1597 hominum
663 1564 700 1596 et
738 1560 1012 1597 aestimatione
1052 1571 1170 1596 uerae
1209 1559 1496 1608 magnitudinis
1536 1561 1620 1597 eius

101 1626 189 1669 suit,
223 1638 340 1675 quam
372 1638 449 1676 quo
481 1626 730 1676 triumphans
761 1626 807 1664 dc
831 1625 1009 1675 Syphace
1042 1637 1133 1675 rege
1166 1631 1201 1663 et
1225 1626 1620 1675 Carthaginiensilnis

102 1692 240 1730 urbem
273 1698 331 1731 est
362 1694 558 1732 inuectus.

217 1762 263 1809 (c.
296 1757 380 1812 52.)
414 1760 486 1798 Hic
519 1761 724 1811 speciosus
757 1761 919 1798 ultimus
950 1761 1034 1798 dies
1066 1761 1106 1798 P.
1129 1760 1309 1811 Scipioni
1338 1761 1495 1799 inluxit.
1529 1767 1617 1812 post
1655 1774 1659 1779 ·

100 1840 215 1877 quem
255 1840 345 1865 cum
377 1828 570 1866 inuidiam
603 1833 639 1865 et
672 1829 887 1867 certamina
920 1841 1009 1865 cum
1042 1827 1215 1865 tribunis
1246 1830 1513 1879 prospiceret,
1555 1829 1617 1867 die,

100 1893 278 1944 longiore
319 1894 499 1945 prodicta
533 1897 571 1932 in
602 1894 851 1933 Literninum
885 1896 1079 1933 concessit
1113 1901 1222 1933 certo
1255 1895 1442 1939 consilio,
1489 1908 1534 1933 ne
1568 1896 1613 1933 ad

101 1974 257 2000 causam
289 1961 497 2000 dicendam
530 1962 696 2000 adesset.
748 1963 876 2000 maior
908 1964 1063 2000 animus
1096 1967 1134 2000 et
1164 1968 1303 2001 natura
1337 1968 1419 2001 erat
1454 1976 1497 2001 ac
1530 1976 1610 2001 ma>

100 2029 175 2066 iori
221 2029 403 2067 fortunae
443 2029 652 2073 adsuetus,
700 2042 815 2079 quain
855 2035 899 2067 ut
937 2041 1028 2067 reus
1060 2042 1143 2067 esse
1175 2036 1268 2068 tunc
1301 2032 1421 2068 sciret
1453 2036 1486 2067 et
1522 2030 1613 2067 sub-

100 2096 255 2134 mittere
302 2109 343 2134 se
390 2098 429 2134 in
478 2096 741 2134 humilitatem
781 2109 938 2135 causam
977 2097 1206 2135 dicentium.
1278 2096 1345 2134 ubi
1387 2097 1470 2134 dies
1502 2099 1613 2134 uenit
1649 2120 1659 2132 .-

99 2164 293 2213 citarique
325 2163 467 2201 absens
499 2168 555 2200 cst
589 2168 765 2213 coeptus,
798 2163 840 2202 L.
871 2164 1004 2214 Scipio
1037 2162 1219 2201 morbum
1252 2176 1391 2201 causae
1425 2176 1509 2201 esse
1542 2176 1614 2201 cur

96 2318 258 2359 apophth.
287 2318 377 2360 Soz‘p.
403 2320 478 2350 ηιαῖ.
505 2320 556 2351 10.
606 2320 650 2358 cf.
678 2320 768 2360 App.
797 2325 829 2351 et
856 2320 938 2352 Gell.
965 2322 984 2351 l.
1010 2330 1036 2352 S.
1070 2320 1166 2350 etiam
1199 2321 1264 2350 alio
1295 2321 1389 2351 modo
1420 2320 1502 2357 hue(-
1536 2330 1612 2349 nar-

97 2365 185 2394 rauit
210 2363 326 2405 Polyb.
355 2363 516 2394 XXIIII
541 2365 571 2396 9,
599 2365 697 2395 6—7.

210 2511 246 2547 8.
286 2511 400 2557 iisque
439 2511 594 2558 Madaisl
751 2512 813 2549 10.
855 2511 1029 2557 Quirites,
1071 2511 1117 2546 ite
1156 2523 1292 2547 mecum
1333 2512 1488 2558 Masinis(
1527 2524 1610 2547 cam

98 2572 180 2602 ncta
210 2568 297 2603 libr.
330 2579 408 2602 rec.
470 2568 518 2602 ite
550 2578 710 2613 mecum,
742 2568 896 2611 Quirites
930 2570 1040 2615 aalys)
1188 2569 1247 2602 15.
1288 2573 1324 2601 ut
1358 2568 1514 2602 uiatores
1548 2569 1607 2603 tri-

97 2622 210 2657 bunos
242 2623 305 2657 rel.
338 2625 374 2658 in
401 2625 481 2659 edd.
515 2628 602 2658 ante
633 2625 716 2659 Ala.
750 2629 784 2659 et
815 2626 851 2659 2'72
884 2626 970 2670 aliq.
1002 2624 1063 2659 lib.
1098 2634 1187 2660 rec..
1220 2625 1410 2669 suppleuit
1444 2622 1608 2669 Massam.

169 2677 231 2714 20.
266 2690 347 2713 uera
378 2679 601 2715 Pemonms
744 2679 807 2714 27.
841 2676 941 2728 reus]
975 2691 1044 2724 νος,
1077 2680 1177 2727 qaod
1205 2681 1327 2714 adnot.
1363 2684 1418 2713 est
1449 2689 1499 2714 ex
1530 2679 1609 2714 Mo-

95 2739 220 2779 qunt.„
253 2736 470 2780 typothetae
501 2737 628 2769 errori
657 2736 788 2770 deberi
817 2737 978 2770 uidetur.
1028 2736 1100 2770 aid.
1134 2735 1321 2781 Is'reyssiy
1349 2737 1374 2772 l.
1407 2745 1435 2769 s.
1466 2746 1501 2779 p.
1527 2734 1606 2770 393

152 2790 323 2836 inciperet
344 2791 512 2836 Moyant.
564 2791 789 2841 sciretgcaly.
843 2797 925 2826 tunc
947 2792 1055 2826 sciret
1076 2793 1216 2834 scripsi
1345 2791 1407 2825 27.
1427 2790 1489 2824 28.
1524 2789 1607 2824 sub-

97 2846 236 2880 mittere
269 2846 435 2893 Moyaut.
471 2851 505 2881 ct
537 2848 624 2893 aliq.
655 2847 744 2882 libri
773 2857 850 2882 rec.
912 2846 1140 2881 submitteret
1170 2848 1267 2892 zeuly.
