1884 3213
601 204 641 240 L,
668 203 875 236 COELIVS
901 202 1176 236 ANTIPATER
1477 212 1650 243 CCXXIX

129 320 333 358 bueretur.
357 317 383 367 ¹)
444 319 543 358 hanc
583 320 726 357 samam
767 323 886 357 totam
927 323 1165 369 receperunt
1197 318 1398 369 Appianus
1437 324 1474 356 et
1512 317 1584 356 Dio
1607 316 1649 369 ²²),

127 387 317 439 quaedam
350 399 394 425 ex
428 400 471 425 ea
506 388 694 438 inspersit
726 387 887 424 Liuius:
921 400 955 424 c.
987 383 1060 429 44,
1093 383 1202 424 5—7
1238 385 1298 435 (de
1330 386 1539 424 consulum
1571 385 1650 424 dis-

127 454 296 506 cordia),
339 468 372 493 c.
405 451 480 497 46,
514 452 540 492 9
573 454 801 503 <Volturnus
833 459 976 492 uentus
1012 453 1204 491 aduersus
1234 454 1422 492 Romanis
1461 453 1649 505 coortus),

125 520 199 566 48,
232 519 344 560 2—4
376 520 649 572 (Numidarum
681 521 954 572 strategema),
987 518 1061 565 49,
1098 518 1233 558 1—12
1267 521 1391 570 (Pauli
1423 522 1565 573 niors);
1601 520 1651 559 1ss

124 588 242 628 —18
276 587 556 640 (Romanm'um
596 591 822 628 occisorum
860 588 1053 640 quaedam
1094 589 1252 626 nomina
1285 593 1322 627 ot
1353 588 1542 641 ordines).
1581 586 1649 628 50.

125 655 175 696 51
212 656 323 708 (Jquae
355 662 442 708 post
474 669 646 708 pugnam
677 658 716 694 in
750 657 891 695 castris
920 656 1107 694 Romanis
1129 656 1369 707 Punicisqne
1401 662 1511 706 gesta
1542 656 1650 707 sint).

126 728 244 765 etiam
285 726 576 775 discrepantiae
616 726 721 762 inter
761 724 919 762 Liuium
960 723 1248 774 l‘olybiumque
1287 725 1561 762 inueniuntur.
1610 725 1650 762 (Σ.

127 795 242 832 Peter
280 807 317 844 p.
350 789 418 830 46.
482 792 591 830 uelut
629 792 678 829 M.
711 792 855 830 Atilius
894 792 1109 843 proconsul
1150 791 1315 842 Polybio
1357 781 1454 829 tosto
1498 805 1649 843 pugnae

127 862 332 904 interfuit,
366 860 479 897 Liuio
514 857 560 907 (e.
593 857 667 903 40,
701 857 738 910 6)
774 859 957 898 morbum
990 872 1184 897 excusans
1224 872 1267 897 ex
1313 862 1455 898 eastris
1486 860 1651 898 Romam

127 929 265 972 rediit;
308 928 445 966 dextro
478 927 701 965 Poenorum
733 939 860 966 cornu
892 927 995 978 apud
1026 927 1235 977 Polybium
1269 925 1316 977 (e.
1354 925 1444 979 114)
1479 928 1652 979 praefuit

126 997 282 1041 llanno,
331 995 434 1047 apud
472 995 631 1033 Liuium
682 992 729 1045 (e.
768 993 843 1038 46,
886 993 922 1043 7>
970 994 1192 1039 Maharbal,
1240 995 1411 1046 denique
1460 1007 1649 1034 numerus

126 1065 392 1102 Romanorum
425 1064 649 1101 occisorum
682 1063 872 1101 Liuianus
903 1063 1026 1101 multo
1067 1063 1192 1101 maior
1231 1068 1289 1101 est
1320 1075 1436 1113 quam
1468 1062 1647 1113 Polybia-

126 1144 210 1170 nus.
263 1143 352 1168 enm
385 1143 480 1169 uero
514 1126 631 1168 etiam
665 1132 703 1169 in
749 1130 819 1168 hac
859 1131 1103 1168 narrationis
1144 1130 1332 1168 Liuianae
1373 1136 1506 1181 parte,
1549 1143 1649 1181 quae

127 1212 204 1237 non
235 1198 371 1237 redeat
402 1198 447 1236 ad
481 1197 708 1249 Polybium,
742 1198 931 1249 quaedam
963 1210 1052 1236 eum
1085 1199 1319 1247 fragmentis
1351 1198 1549 1236 Coelianis
1583 1197 1645 1247 (l'r.

124 1264 191 1304 22.
224 1264 279 1304 25
311 1267 362 1303 cf.
396 1266 543 1304 adnot)
578 1267 811 1310 concinant,
853 1265 1031 1303 Coelium
1064 1279 1134 1303 nos
1174 1265 1322 1303 habere
1354 1266 1457 1316 apud
1489 1266 1648 1304 Liuium

127 1334 440 1372 contaminatum
473 1346 563 1371 cum
596 1332 759 1382 Polybio
791 1338 1101 1371 consentaneum
1134 1338 1205 1371 est.

236 1401 415 1452 Denique
446 1406 554 1439 certa
576 1399 767 1451 quaedam
790 1400 916 1439 Coelii
941 1402 1107 1451 uestigia
1132 1401 1172 1438 in
1194 1401 1435 1438 narrationis
1458 1401 1648 1439 Liuianae

126 1475 263 1508 tenore
296 1469 487 1520 adparere
520 1468 797 1506 adnotauinms
828 1468 874 1506 ad
908 1469 955 1506 fr.
992 1466 1038 1505 11
1074 1474 1111 1506 et
1141 1465 1216 1512 21,
1258 1468 1328 1506 ubi
1366 1480 1482 1518 quam
1513 1473 1648 1519 postea

127 1538 268 1575 reiecit
300 1537 347 1573 (le
369 1535 481 1575 Fabii
514 1536 709 1574 dictatura
743 1536 869 1574 Coelii
898 1537 1154 1579 sententiam,
1188 1549 1273 1574 eam
1305 1541 1418 1573 antea
1451 1537 1535 1574 sine
1568 1537 1646 1575 ulla

126 1604 375 1643 dubitatione
415 1617 503 1643 etun
544 1604 766 1655 amplexum
818 1616 903 1642 esse
944 1600 1171 1655 ui‹li111ns.3)
1243 1603 1319 1641 Sed
1358 1604 1482 1642 multo
1522 1605 1648 1643 maior

126 1686 263 1711 eorum
286 1674 429 1712 euadat
452 1684 653 1715 numerus,
688 1673 721 1709 si
744 1671 917 1710 Zonarae
950 1676 988 1709 et
1008 1672 1185 1722 Appiano
1209 1672 1388 1709 Silenum
1412 1673 1648 1722 primarium

127 1741 266 1780 ducem
299 1742 422 1779 fuisse
455 1752 544 1778 run]
575 1738 766 1789 Bujaekio
798 1747 835 1776 et
865 1738 1055 1777 Meltzero
1087 1751 1124 1789 p.
1155 1736 1210 1776 49
1242 1738 1446 1783 arbitrati,
1488 1741 1528 1777 in
1561 1741 1646 1790 qui-

129 1809 361 1859 buscunque
384 1808 521 1846 Liuius
551 1820 641 1846 eum
673 1808 731 1845 eis
763 1808 981 1849 consentit,
1016 1806 1105 1844 illos
1127 1807 1275 1849 Sileno,
1310 1806 1413 1845 hune
1439 1807 1572 1845 Coelio
1593 1830 1649 1833 —

126 1889 144 1914 a
177 1888 253 1927 qno
276 1876 454 1914 Silenum
487 1877 525 1913 in
559 1888 673 1913 usum
706 1879 890 1912 uocatum
924 1887 1009 1913 esse
1032 1887 1149 1925 snpra
1180 1876 1435 1925 exposuimus
1457 1898 1512 1901 —
1535 1887 1647 1913 usum

125 1956 210 1981 esse
243 1944 512 1981 statuerimus.
556 1948 593 1981 at
625 1944 698 1980 etsi
730 1943 852 1980 multa
884 1947 975 1980 sunt
1007 1955 1105 1992 quae
1140 1943 1230 1980 huie
1262 1943 1443 1992 opinioni
1476 1944 1646 1985 faueant,

126 2016 241 2061 atque
273 2016 378 2049 certa
412 2011 604 2061 quaedam
627 2011 728 2048 ratio
750 2009 956 2048 intercedit
985 2011 1089 2047 inter
1112 2022 1197 2047 eam
1219 2009 1325 2047 Liuii
1348 2015 1514 2060 partem,
1548 2023 1647 2060 quae

126 2091 204 2116 non
236 2079 396 2115 lluxerit
427 2091 472 2115 ex
495 2078 678 2128 Polybio,
713 2083 750 2115 et
783 2080 885 2116 inter
908 2078 1099 2115 Zonaram
1121 2075 1483 2128 Appianumquffl).
1518 2082 1647 2114 tamen

127 2145 199 2183 hoe
231 2145 331 2183 mihi
364 2150 545 2183 constare
579 2146 757 2188 uidetur,
798 2146 927 2196 ipsum
960 2145 1137 2183 Silenum
1177 2144 1225 2183 ab
1265 2146 1322 2183 eis
1354 2157 1432 2182 non
1465 2157 1549 2182 esse
1581 2157 1645 2182 ex-

218 2333 243 2376 ¹)
271 2335 318 2366 ef.
337 2335 495 2376 Appian.
514 2335 674 2368 Hannib.
694 2336 736 2366 26
762 2334 874 2377 νίκην
894 2329 1053 2377 ἀρίστην
1080 2345 1117 2367 τε
1144 2332 1206 2366 καὶ
1226 2329 1387 2367 σπάνιον
1406 2329 1647 2376 ἐξενεγκάμε-

129 2401 192 2428 νος
220 2385 360 2433 ἡμέρας
386 2388 475 2432 μιᾶς
501 2385 783 2433 στρατηγήμασι
808 2387 994 2434 τέσσαρσι.

215 2445 242 2485 ²)
269 2446 350 2478 Noli
377 2447 471 2478 enim
497 2447 707 2479 existimare
727 2448 837 2478 Dioni
854 2447 997 2479 Liuium
1025 2447 1231 2489 primarium
1257 2447 1393 2478 fontem
1422 2446 1546 2477 fuisse.
1581 2447 1647 2478 hoe

129 2514 172 2534 ea
204 2513 241 2534 re
267 2503 465 2540 refutatur,
500 2503 594 2544 quod
627 2514 693 2535 eae
726 2504 828 2545 ipsae
856 2513 931 2542 res,
966 2513 1055 2545 quas
1080 2503 1208 2534 Liuius
1241 2503 1380 2543 respuit
1406 2502 1463 2533 uel
1488 2502 1648 2534 breuiter

128 2561 372 2591 conmemorat
404 2558 499 2600 apud
524 2559 700 2590 Zonaram
732 2559 791 2592 uel
815 2560 969 2591 Dionem
1000 2563 1185 2601 tamquam
1216 2558 1320 2590 unice
1346 2568 1455 2589 uerae
1489 2558 1646 2599 scriptae

127 2617 285 2646 exstant.
336 2614 383 2645 ef.
412 2615 450 2647 C.
477 2614 588 2646 Peter
613 2615 654 2648 L.
682 2626 712 2646 u.
741 2616 781 2646 P.
807 2627 842 2658 p.
860 2617 914 2648 67.
941 2617 995 2648 69.
1022 2634 1061 2637 —
1090 2615 1133 2647 de
1159 2613 1355 2646 Plutarcho
1382 2614 1428 2647 ef.
1456 2613 1590 2651 Quellen
1615 2615 1646 2645 d.

128 2670 179 2701 Pl.
205 2680 237 2711 p.
264 2670 407 2701 51-57.
435 2671 569 2702 74—80
595 2674 631 2702 et
658 2682 766 2713 supra
791 2682 824 2714 p.
849 2671 1110 2704 LXXXXVIII
1137 2680 1188 2711 sq.

218 2724 244 2765 ³)
271 2725 393 2756 Etiam
419 2726 535 2758 Sileni
562 2737 692 2758 nomen
718 2728 799 2760 Liu.
817 2727 936 2761 XXVI
961 2729 1004 2759 49
1029 2737 1108 2759 cum
1134 2737 1170 2758 re
1196 2736 1241 2757 ex
1267 2724 1390 2756 Coelio
1419 2724 1647 2767 desumptum

128 2781 245 2813 uideri
272 2791 381 2822 supra
405 2782 618 2814 monuimus.

221 2835 248 2878 ⁴)
275 2836 349 2871 uid.
369 2837 492 2869 adnot.
519 2837 564 2869 ad
589 2837 629 2871 fr.
658 2839 710 2870 11.
738 2839 791 2870 18.
822 2841 872 2871 19.
893 2841 946 2871 33.
971 2840 1014 2870 42
1040 2841 1076 2870 et
1102 2847 1194 2879 quae
1220 2837 1386 2878 exposita
1412 2836 1525 2869 habes
1550 2837 1646 2879 apud

130 2893 171 2927 C.
198 2893 369 2926 Peterum
394 2893 436 2927 L.
462 2905 493 2925 ιι.
522 2894 561 2927 P.
588 2905 622 2936 p.
649 2895 692 2926 65
718 2904 793 2936 sqq.
