1884 3213
566 738 624 804 Q.
669 734 918 792 AELIVS
960 734 1236 791 TVBERO

249 886 446 925 Aeliorum
480 885 734 924 Tuberonum
768 883 913 922 familia
951 895 1022 933 per
1054 883 1240 934 conplura
1275 883 1427 921 saecula
1460 884 1594 921 ssoruit
1625 888 1663 920 et

137 956 340 994 doctrinae
373 959 411 991 et
442 954 665 992 litterarum
698 952 834 997 laude,
868 953 1110 1003 primusque,
1144 951 1190 989 de
1222 963 1299 1002 quo
1331 956 1562 1002 conpertum
1595 951 1661 988 ha-

136 1023 317 1067 beamus,
358 1019 401 1064 Q.
443 1021 576 1060 Aelius
607 1020 787 1065 Tubero,
829 1020 1019 1058 Aemiliae
1060 1020 1268 1057 Africanae
1309 1020 1476 1057 minoris
1515 1020 1663 1057 sororis

136 1090 259 1135 filius,
299 1089 340 1127 L.
375 1089 531 1127 Aemilii
566 1088 677 1126 Pauli
708 1100 852 1138 nepos,
888 1088 1088 1125 inclaruit.
1149 1089 1182 1125 is
1213 1091 1337 1124 totum
1379 1099 1419 1124 se
1459 1086 1664 1124 addixerat

136 1158 291 1195 Stoicae
331 1159 435 1195 uitae
477 1168 520 1194 ac
559 1156 811 1206 disciplinae,
860 1168 983 1206 usquc
1025 1155 1140 1197 adeo,
1184 1160 1227 1192 ut
1275 1166 1352 1192 non
1392 1153 1517 1192 solum
1558 1155 1662 1192 domi

137 1237 303 1264 seuerus
342 1237 385 1262 ac
418 1234 559 1275 parcus
592 1229 695 1262 esset
733 1223 800 1261 sed
834 1224 951 1261 etiam
994 1222 1173 1272 publice,
1215 1234 1303 1259 cun]
1340 1222 1516 1260 Africani
1556 1234 1663 1260 mors

136 1292 379 1331 honestanda
411 1296 534 1335 esset,
568 1303 758 1329 summam
782 1295 998 1328 ostentaret
1020 1290 1325 1340 simplicitatem.
1368 1291 1407 1327 in
1440 1289 1663 1340 republica

138 1360 266 1399 stabat
296 1359 344 1398 ah
376 1357 654 1409 optimatibus,
688 1363 730 1396 ut
760 1357 847 1399 Tib.
878 1358 1121 1401 Gracchum,
1154 1369 1241 1395 cum
1274 1357 1357 1395 eius
1388 1358 1537 1395 amicus
1568 1358 1663 1395 suis-

137 1433 215 1471 set,
253 1439 335 1465 rem
369 1440 405 1477 p.
440 1431 647 1465 nexantem
680 1425 977 1477 derelinqueret
1016 1431 1054 1463 et
1084 1430 1217 1475 postea
1252 1426 1292 1462 in
1324 1424 1467 1463 Gaium
1498 1426 1663 1463 fratrem

137 1495 239 1533 haud
272 1493 417 1533 frustra
449 1494 659 1545 conplures
701 1495 900 1532 orationes
939 1492 1116 1531 haberet.
1179 1504 1305 1543 neque
1338 1497 1489 1534 tamen,
1531 1497 1573 1530 ut
1610 1493 1664 1529 ait

139 1563 297 1607 Cicero,
330 1563 523 1600 maiorum
555 1560 774 1600 honoribus
804 1560 1046 1612 respondere
1078 1561 1218 1610 potuit.
1257 1564 1342 1598 erat
1373 1561 1478 1597 enim
1511 1564 1552 1597 ut
1582 1561 1662 1597 uita

138 1631 195 1668 sic
227 1631 343 1668 etiam
367 1630 545 1668 oratione
567 1629 709 1672 durus,
742 1628 936 1672 incultus,
970 1627 1174 1672 horridus,
1209 1639 1335 1678 neque
1362 1627 1511 1677 placuit
1533 1626 1662 1664 Stoica

139 1698 223 1735 eius
263 1697 422 1735 iactatio
460 1696 626 1747 popum,
666 1697 734 1746 qui
774 1707 1004 1746 peruersam
1044 1695 1151 1733 illam
1191 1695 1424 1744 sapientiam
1464 1695 1503 1731 in
1536 1699 1662 1732 morte

137 1764 312 1803 Africani
351 1763 587 1802 celebranda
625 1768 705 1801 tam
746 1765 924 1813 grauiter
965 1763 1071 1806 tulit,
1119 1767 1161 1800 ut
1200 1766 1410 1812 praeturae
1452 1773 1519 1812 spe
1571 1774 1659 1799 eum

139 1832 326 1870 deiceret.
387 1843 481 1869 num
512 1835 647 1882 postea
679 1842 763 1869 eam
797 1831 960 1882 adeptus
993 1831 1043 1869 sit
1073 1833 1111 1868 et
1142 1830 1188 1868 ad
1230 1841 1425 1868 summum
1468 1829 1658 1867 honorem

141 1899 381 1944 escenderit,
415 1900 625 1937 nescimus.
678 1911 767 1937 nam
801 1898 902 1949 apud
935 1898 1192 1942 Ciceronem,
1226 1899 1290 1935 cui
1315 1897 1506 1948 pleraque
1537 1897 1585 1935 de
1618 1909 1663 1934 eo

142 1966 333 2005 debemus
366 1965 489 2017 (Brut.
521 1963 594 2011 31,
630 1964 721 2005 117.
755 1979 792 2017 p.
825 1966 978 2004 Muren.
1010 1962 1084 2010 36,
1117 1962 1182 2003 75.
1229 1964 1335 2003 Lael.
1378 1963 1449 2008 11,
1489 1961 1554 2002 37.
1595 1961 1661 2001 527.
1704 1962 1706 1964 ’

142 2032 256 2086 101),
289 2046 482 2085 nusquam
514 2035 599 2072 eius
630 2035 932 2084 magistratuum
962 2033 1005 2071 fit
1035 2034 1206 2077 mentio,
1239 2033 1315 2070 nisi
1348 2044 1438 2070 eum
1460 2030 1662 2069 tribunatu

141 2104 319 2141 sunctum
352 2099 492 2153 esse.¹)
536 2103 667 2152 itaque
699 2103 764 2140 uix
797 2101 893 2140 fides
925 2106 985 2139 est
1016 2099 1197 2138 habenda
1219 2099 1436 2150 Pomponio
1471 2098 1531 2148 (de
1564 2099 1664 2147 orig.

140 2171 216 2208 iur.
238 2167 294 2207 40
323 2182 360 2220 p.
381 2167 409 2206 4
430 2167 635 2219 Momms.)‚
669 2181 759 2207 eum
791 2168 993 2207 consulem
1024 2168 1144 2206 fuisse
1168 2166 1382 2210 scribenti,
1417 2178 1517 2208 cum,
1550 2177 1663 2215 prae-

140 2242 319 2289 terquam
350 2236 453 2287 quod
485 2248 677 2288 nusquam
712 2236 805 2275 alibi
836 2238 877 2274 in
909 2234 1141 2274 consulibus
1181 2235 1265 2271 eius
1301 2245 1442 2271 nomen
1475 2233 1660 2275 refertur,

142 2317 231 2343 cum
263 2304 465 2343 Ciceronis
496 2303 653 2348 uerbis,
686 2316 785 2354 quae
817 2315 934 2354 supra
967 2303 1199 2351 adtigimus,
1231 2301 1441 2351 discrepet.

255 2371 375 2410 Multo
408 2372 533 2409 maius
565 2372 648 2409 eius
679 2372 755 2410 fuit
784 2383 926 2410 nomen
960 2371 1000 2408 in
1021 2370 1184 2414 litteris,
1219 2368 1362 2419 quibus
1393 2367 1478 2405 dies
1510 2372 1662 2405 noctes-

143 2451 218 2491 que
250 2451 399 2478 summa
440 2450 528 2477 cum
568 2438 803 2477 adsiduitate
835 2450 995 2489 operam
1036 2437 1164 2475 dabat.
1227 2441 1343 2487 atque
1373 2437 1546 2486 primum
1578 2435 1663 2484 qui-

144 2508 231 2546 dem
264 2505 449 2545 audiebat
479 2505 660 2544 Publium
700 2506 872 2544 Mucium
905 2510 942 2543 et
973 2506 1138 2544 Brutum
1171 2509 1209 2542 et
1240 2503 1461 2546 Manilium,
1503 2502 1570 2551 qui.
1603 2503 1664 2539 ius

145 2575 262 2613 ciuile
295 2573 557 2612 fundauerant
589 2572 791 2624 (Pompon.
825 2573 848 2611 l.
882 2586 912 2611 s.
947 2572 1017 2624 s.)‚
1059 2577 1139 2610 tum
1179 2583 1273 2610 uero
1306 2570 1537 2607 Panaetium
1575 2569 1665 2618 phi«

144 2642 367 2693 losophum,
415 2643 519 2679 inter
564 2642 675 2679 cuius
714 2640 929 2690 discipulos
967 2641 1223 2690 praecipuum
1270 2638 1399 2675 locum
1446 2635 1664 2674 obtinuisse

238 2822 261 2863 ¹)
296 2823 409 2853 Recte
444 2820 538 2853 enim
568 2819 727 2852 Schuetz
760 2820 860 2852 Brut.
886 2820 908 2851 l.
935 2831 962 2851 s.
993 2829 1056 2860 pro
1090 2818 1339 2857 izi-iumuii-atu,
1377 2826 1469 2857 quae
1503 2814 1665 2847 codicum

148 2880 326 2920 scriptura
353 2877 531 2919 explicari
558 2877 699 2917 nequit,
728 2876 919 2908 substituit
943 2876 1178 2906 tribunatum

1329 2943 1393 2972 23⁴²
