1884 3213
625 190 672 221 M.
704 190 905 222 ronow&
932 190 1058 221 (JA'l'o
1491 200 1611 229 CLXV

91 309 222 343 uatum
268 309 325 342 est
368 306 627 355 excerptis
680 304 957 343 rhetoricis
1009 303 1392 343 ParisiensIbus
1440 302 1511 354 (l'r.
1544 303 1607 357 3),

87 374 215 423 ipsum
248 373 406 410 initium
441 373 479 409 in
512 372 732 423 Pompeii
772 376 996 409 rennuente
1030 370 1091 421 (sr.
1130 370 1164 422 1)
1198 376 1235 409 et
1268 373 1308 409 in
1340 372 1510 423 Sergii
1542 385 1608 411 ex-

87 439 314 491 planatione
347 440 386 477 in
417 439 612 477 Donatum
647 438 749 488 (adn.
784 441 831 477 l'r.
868 437 918 490 1),
952 451 998 477 ex
1030 451 1107 490 qua
1140 439 1220 483 ille,
1254 451 1344 476 cum
1378 446 1607 479 conmenta-

86 508 170 544 rius
203 506 366 545 uberior
389 512 491 544 esset
514 518 631 557 quam
654 519 770 557 quem
804 518 908 544 nunc
939 505 1144 550 habemus,
1180 508 1345 544 l'orsitau
1377 519 1447 545 sua
1481 514 1607 545 [rans-

87 575 292 624 srripserit
327 574 426 623 glieil
458 586 516 623 gr.
551 574 615 612 lat.
642 573 669 610 V
700 587 736 624 p.
765 571 847 610 9:2¹.
910 585 1181 623 anonymus
1213 573 1462 625 Hauptian
1476 587 1529 613 us
1562 575 1608 613 de

85 654 220 691 gener.
256 654 358 679 nom.
393 653 482 679 cum
517 654 550 691 p.
585 638 638 678 92
671 643 856 679 Catonem
889 645 926 679 et
958 641 1175 679 Varronem
1207 643 1442 680 coniunctos
1474 642 1608 681 lauda-

87 711 209 750 uerit,
250 710 368 747 etiam
409 708 512 760 quod
550 710 680 747 cullen
718 710 804 746 m'm'
843 706 951 753 (adn.
987 710 1034 746 l'r.
1066 705 1141 751 43>
1176 720 1223 746 ex
1256 708 1402 747 Catone
1441 710 1608 761 profert,

86 777 275 821 Varroni,
323 776 423 827 apud
464 788 580 827 quem
628 776 731 814 idem
773 778 820 814 l'r.
856 777 1010 815 auctius
1050 780 1196 819 exstat,
1241 775 1388 815 debere
1433 777 1606 815 uidetur.

85 845 290 883 Prisciano
323 845 489 882 sortasse
522 856 615 882 usus
647 849 705 882 est
737 845 909 894 scriptor
940 844 1100 894 quidam
1134 844 1233 881 thes.
1259 856 1350 881 nou.
1377 844 1471 882 Maii
1505 843 1606 893 (adn.

86 914 133 951 l'r.
169 910 204 963 Τ)
239 916 276 950 et
306 911 498 950 Alcuinus
532 909 634 960 (adn.
668 908 749 963 67),
783 911 962 950 Charisio
993 911 1096 949 Beda
1133 909 1234 961 (adn.
1269 909 1334 949 74,
1369 910 1449 949 75».

198 979 331 1030 Itaque
357 978 548 1017 Hadriani
573 983 700 1017 aetate
726 980 976 1030 antiquitatis
1000 991 1154 1017 summo
1187 978 1319 1017 studio
1341 980 1508 1018 llorente
1526 981 1605 1018 ori-

85 1049 209 1097 gines,
234 1059 332 1097 quae
356 1059 479 1097 prope
504 1048 580 1085 iam
604 1048 643 1084 in
666 1046 911 1085 obliuionem
937 1051 1143 1091 uenerant,
1168 1046 1298 1085 denuo
1320 1051 1546 1098 protractae
1570 1052 1607 1085 et

85 1114 228 1153 erebro
267 1114 465 1153 lectitatae
505 1114 722 1152 multorum
765 1116 805 1152 in
847 1114 1031 1152 manibus
1070 1115 1195 1152 fuere.
1257 1118 1341 1152 tum
1381 1126 1474 1153 vero
1517 1127 1606 1153 eum

85 1182 265 1220 homines
297 1182 343 1220 ad
375 1182 508 1220 sanius
540 1182 732 1219 iudicium
764 1181 962 1226 redirent,
997 1183 1117 1220 etiam
1148 1183 1326 1232 origines
1358 1181 1607 1221 oblitteratae

85 1255 122 1287 ct
155 1249 232 1299 legi
255 1249 403 1287 desitae
429 1254 531 1293 sunt,
558 1254 672 1300 atque
695 1262 795 1300 quae
828 1250 1045 1300 scriptores
1077 1254 1203 1288 aetate
1226 1250 1440 1288 inferiores
1472 1262 1518 1288 ex
1551 1251 1608 1289 eis

85 1317 333 1361 adtulerunt,
375 1322 440 1355 aut
479 1318 602 1355 certis
639 1318 885 1366 argumentis
925 1316 1189 1355 demonstrari
1229 1318 1357 1368 potuit
1401 1329 1479 1355 non
1520 1329 1605 1356 esse

86 1385 223 1423 hausta
255 1397 300 1422 ex
334 1386 419 1435 ipso
451 1384 597 1423 Catone
630 1390 693 1422 ant
728 1389 835 1423 certe
868 1389 1181 1423 consentaneum
1214 1389 1284 1422 est.
1304 1382 1326 1436 1)

196 1442 426 1491 Extremum
457 1452 531 1490 hoc
556 1456 614 1490 est
648 1457 699 1493 ut,
735 1464 811 1503 quo
845 1454 931 1490 iure
955 1452 1107 1503 aliquot
1130 1452 1250 1496 locos,
1284 1453 1353 1503 qui
1384 1453 1605 1503 antiquitus

86 1521 283 1570 originum
317 1522 539 1570 fragmenta
570 1519 836 1565 habebantur,
861 1520 1094 1571 expulerim,
1130 1516 1377 1571 disse1·am.2)

198 1588 387 1639 Princeps
419 1593 478 1626 est
508 1587 614 1625 Liuii
635 1587 797 1626 XXXIII
817 1585 855 1631 5,
890 1588 937 1625 de
969 1600 1046 1639 quo
1079 1587 1154 1625 alia
1187 1588 1485 1638 opportunitate
1517 1587 1603 1626 data

86 1658 162 1695 iam
183 1668 301 1707 supra
320 1657 473 1706 egimus
496 1668 532 1706 p.
547 1654 766 1699 CXXVIIII,
789 1667 906 1706 quem
930 1656 962 1693 si
986 1655 1214 1693 adcuratius
1237 1656 1538 1699 examinaveris,
1561 1656 1602 1693 L.

85 1724 296 1766 Valerium,
316 1723 419 1774 quod
437 1735 477 1761 se
501 1722 691 1760 aduersus
710 1724 896 1761 Catonem
916 1724 1093 1772 origines
1112 1724 1197 1760 eius
1217 1723 1427 1761 reuoluere
1446 1723 1603 1773 praedi-

86 1796 158 1835 cat,
192 1791 247 1829 nil
281 1790 387 1829 aliud
419 1803 536 1841 quam
568 1790 769 1828 rhetorice
802 1790 935 1828 dicere
968 1791 1165 1834 inuenies,
1199 1802 1240 1828 se
1273 1802 1320 1828 ex
1351 1791 1603 1841 antiquitate,

84 1871 199 1909 quam
231 1858 324 1896 Cato
357 1858 458 1897 bene
491 1859 668 1902 nouerit,
703 1858 882 1908 exempla
914 1857 1161 1909 prolaturum
1201 1858 1463 1901 seminarum,
1504 1870 1603 1909 quae

84 1927 125 1964 in
164 1925 369 1977 publicum
409 1927 754 1977 procucurrerint.
817 1938 892 1977 qua
924 1925 1110 1975 Bolhuysi
1150 1926 1480 1976 interpretatione
1512 1938 1603 1976 pro-

85 1993 174 2032 bata
205 1993 349 2032 cadunt
380 2005 479 2044 quae
510 1993 659 2031 Merkel
692 1994 779 2031 fast.
812 2006 849 2044 p.
873 1992 1046 2031 LXXXII
1078 1994 1263 2043 opinatus
1295 1998 1391 2037 erat,
1425 1992 1473 2031 ab
1506 1993 1602 2032 Oui-

85 2061 151 2099 dio
184 2059 285 2111 (fast.
309 2060 362 2098 ΙΙΙ
392 2057 643 2111 205-928),
678 2061 890 2100 Plutarcho
925 2058 1049 2110 (Rom.
1074 2073 1107 2099 c.
1134 2057 1214 2112 19),
1247 2060 1389 2099 Seruio
1424 2057 1485 2110 (ad
1506 2061 1600 2099 Aen.

84 2127 169 2166 VIII
190 2125 285 2179 635)
319 2126 556 2167 Sabinarum
588 2133 745 2179 raptum
777 2128 996 2167 secundum
1019 2128 1207 2167 Catonem
1239 2132 1467 2166 enarratum
1500 2140 1600 2167 esse.

197 2195 345 2233 Deinde
377 2200 563 2246 quattuor
594 2196 684 2238 loci,
717 2197 785 2246 qui
817 2195 970 2234 lacunis
1000 2196 1180 2246 corrupti
1213 2200 1337 2239 erant,
1371 2194 1504 2233 dubiis
1537 2200 1601 2234 aut

86 2263 194 2301 falsis
227 2262 512 2313 supplementis
549 2264 727 2301 exornati
767 2263 812 2301 ad
845 2262 1003 2300 Catonis
1035 2264 1209 2313 origines
1249 2262 1364 2301 relati
1397 2267 1500 2300 sunt.
1562 2264 1601 2301 in

85 2329 267 2368 Muelleri
306 2330 411 2367 enim
442 2329 547 2367 Festi
587 2330 761 2368 editione
800 2343 836 2381 p.
874 2327 951 2368 153
983 2342 1012 2366 s.
1047 2342 1084 2367 u.
1119 2331 1311 2367 matronis
1350 2329 1446 2368 haec
1480 2329 1598 2380 legis:

142 2395 397 2447 ‘Man-oni-[s
428 2407 570 2435 aurum
595 2399 818 2436 reclditum’
838 2427 980 2435 .....
1257 2397 1331 2434 Ca-

144 2469 182 2502 to
213 2465 287 2502 ait:
322 2464 425 2514 quod
459 2462 640 2514 [uidetur
671 2465 743 2503 hoc
772 2466 1022 2512 sz'qm'se'eare:
1057 2466 1251 2502 num-onis

142 2532 264 2570 fuisse
296 2529 557 2582 re-[sle’lulum
589 2543 744 2583 aurum,
776 2543 827 2570 ex
858 2544 932 2580 quo
963 2533 1006 2569 P.
1040 2532 1088 2569 R.
1122 2537 1322 2570 crateram
1349 2530 1511 2576 fecerat

179 2663 202 2705 ¹)
228 2664 398 2705 Magnam
423 2665 532 2696 habet
558 2665 832 2706 probabilitatis
860 2666 1021 2707 speeiem
1044 2665 1189 2697 Iordani
1216 2668 1265 2705 (p.
1291 2662 1428 2703 LVIII)
1456 2662 1600 2695 coniec-

86 2724 184 2759 tura,
222 2723 261 2751 111
297 2719 462 2751 »Sallustii
497 2720 729 2752 historiarum
773 2722 825 2752 ita
864 2721 973 2753 etiam
1015 2720 1167 2752 Catonis
1198 2719 1376 2760 originum
1414 2719 1600 2750 orationes

87 2778 278 2817 excerptas
305 2779 341 2807 et
367 2785 527 2807 seorsum
553 2776 668 2807 editas
694 2776 830 2808 diutius
857 2777 1042 2808 mansisse.

176 2831 202 2870 ²)
229 2832 328 2870 Quae
364 2830 570 2872 fragmenta
604 2831 808 2863 Catoniana
842 2833 1004 2864 incertae
1038 2831 1132 2862 sedis
1167 2829 1408 2871 probabiliter
1447 2829 1491 2860 ad
1531 2831 1598 2862 ori—

88 2888 191 2930 gines
217 2890 387 2929 poterant
412 2886 550 2928 referri,
578 2887 673 2918 infra
693 2888 879 2919 corollarii
905 2887 983 2918 loeo
1010 2886 1272 2918 coniunximus.
