1884 3213
508 161 554 194 M.
583 160 746 192 PORCII
773 159 980 192 CATONIS
1007 157 1236 191 ORIGINES
1577 154 1628 194 (37

226 274 336 315 55³².
375 275 491 313 Seru.
532 276 589 312 ad
626 275 723 313 Aen.
760 275 799 311 X
833 270 912 312 541
963 274 1055 311 (lato
1101 274 1141 310 in
1187 269 1413 319 originibus
1461 271 1510 307 ila
1557 270 1630 306 ait:

114 344 254 382 Lauini
295 343 418 381 boues
457 342 702 385 immolatos,
742 343 974 393 priusquam
1013 340 1296 384 caederentur,
1337 338 1560 388 pr‹‘›sugisse
1594 337 1632 373 in

114 412 269 450 siluam.

226 475 285 517 56
298 475 366 516 ³²3.
397 477 520 516 Solin.
540 475 579 521 52,
599 474 623 515 8
639 489 683 526 p.
703 474 758 515 35
776 477 956 515 Momms.
988 475 1126 519 Tibur,
1153 476 1257 514 sicut
1279 474 1372 512 Cato
1396 474 1492 512 l'acit
1522 473 1633 510 testi-

82 547 291 590 5monium
324 543 552 596 (condilum)
586 558 605 583 a
637 543 777 583 (latino
817 543 987 586 Arcade,
1029 543 1231 593 praesecto
1271 541 1407 579 classis
1446 540 1637 583 Euandri,

116 615 217 652 sieut
259 613 436 657 Sextius,
478 612 526 650 ab
564 613 710 661 Argiua
750 613 971 649 iuuentute.
1042 609 1206 648 Catillus
1245 610 1370 652 enim,
1411 608 1636 659 Amphiarai

117 682 239 724 filius,
280 686 368 733 post
399 680 661 731 prodigialcln
694 680 819 730 patris
851 678 954 729 apud
985 676 1142 715 Thebas
1174 677 1379 715 interitum
1412 676 1548 714 Oeclei
1574 676 1639 712 aui

117 750 240 787 missu
281 760 371 786 cum
411 749 517 785 omni
550 748 631 785 selu
674 758 743 784 uer
782 758 939 784 sacrum
971 746 1115 783 missus
1157 750 1237 782 [res
1276 743 1426 782 liberos
1457 745 1497 781 in
1530 742 1640 781 Italia

116 817 364 867 procreauit,
396 815 629 858 Tiburtum,
663 814 825 857 Coram,
859 812 1063 857 Catillum,
1105 813 1173 863 qui
1206 811 1383 862 depulsis
1414 823 1461 848 ex
1494 809 1640 861 oppido

69 904 100 929 10
117 883 279 922 Siciliae
314 882 521 921 ueteribus
553 882 709 920 Sicanis
741 894 761 918 a
794 882 954 919 nominc
985 880 1144 918 Tiburti
1177 880 1313 917 fratris
1352 883 1445 916 natu
1480 877 1641 915 maximi

122 951 262 989 urbem
295 954 555 989 uocauerunt.

235 1015 308 1057 57.
340 1018 538 1057 Priscian.
570 1018 614 1056 X
633 1028 679 1066 p.
710 1013 792 1054 903
813 1017 856 1053 P.
889 1013 970 1054 537
993 1015 1042 1053 H.
1080 1015 1174 1053 Cato
1207 1016 1246 1052 in
1280 1013 1313 1051 Il
1345 1014 1565 1063 originum:
1600 1011 1643 1050 In

123 1099 261 1137 eampo
292 1085 462 1129 Tiburti,
496 1084 565 1125 ubi
597 1084 791 1122 hordeum
823 1084 1052 1125 demessuit,
1087 1082 1190 1120 idem
1224 1083 1263 1119 in
1296 1080 1500 1119 montibus
1532 1081 1642 1125 serit,

124 1153 195 1192 ubi
226 1153 420 1191 hordeum
452 1151 556 1191 idem
590 1154 733 1191 iterum
766 1153 891 1190 metit.

215 1331 283 1365 56.
314 1332 361 1373 ef.
393 1333 497 1373 Vena.
525 1333 614 1363 Aen.
645 1331 721 1363 VII
746 1332 829 1363 670:
860 1331 950 1362 Tum
983 1330 1117 1372 gemini
1150 1329 1284 1361 fratres
1308 1329 1476 1360 Tiburtia
1502 1329 1646 1360 moenia.

125 1379 278 1419 lincunt,
306 1378 431 1409 fratris
455 1377 599 1408 Tiburti
623 1376 760 1408 dictam
787 1376 999 1416 cognomine
1026 1378 1190 1416 gentem,
1217 1374 1374 1406 Catillus
1400 1384 1555 1414 acerque
1581 1372 1647 1404 Co-

126 1433 203 1464 ras,
231 1423 367 1464 Argiua
397 1422 580 1453 inuentus.
632 1421 729 1453 Seru.
756 1432 789 1454 a.
815 1422 846 1454 Ιι.
872 1423 912 1452 l.:
948 1421 1002 1451 De
1030 1420 1186 1453 Graecia
1211 1423 1284 1450 tres
1311 1419 1444 1449 fratres
1470 1420 1648 1449 uenerunt

128 1469 174 1500 ad
198 1468 358 1509 Italiam,
384 1467 553 1507 Catillus,
582 1466 714 1505 Coras,
741 1466 853 1497 Tibur
878 1465 935 1496 uel
961 1465 1155 1497 Tiburnus.
1204 1465 1241 1495 hi
1265 1463 1370 1495 simul
1391 1474 1514 1495 omnes
1538 1474 1647 1494 unam

130 1514 253 1545 fecere
273 1513 461 1545 ciuitatem
488 1516 525 1544 et
550 1522 629 1543 eam
656 1511 699 1542 de
725 1510 851 1542 fratris
872 1512 1021 1542 maioris
1046 1511 1187 1542 nomine
1205 1510 1328 1550 Tybur
1354 1509 1648 1550 appellauerunt.

130 1559 254 1591 Hor-at.
283 1569 383 1590 earm.
414 1557 432 1588 I
460 1559 510 1595 18,
535 1559 567 1588 2.
595 1557 637 1587 II
661 1558 691 1596 6,
719 1558 738 1587 5

219 1601 280 1636 57.
313 1604 460 1644 Repetiit
484 1602 589 1634 uerba
622 1602 663 1632 In
689 1612 817 1642 campo
842 1619 882 1622 -—
909 1600 1105 1631 demessuit
1130 1601 1299 1631 Priscian.
1329 1604 1421 1640 part.
1448 1599 1530 1629 XII
1558 1609 1648 1631 vers.

130 1650 217 1683 Aen,
246 1649 308 1679 132
330 1660 366 1689 p.
396 1649 482 1679 1254
506 1649 546 1679 P.
569 1648 636 1678 490
662 1646 706 1681 K.
739 1648 806 1678 uid.
836 1647 928 1678 Cass,
958 1646 1052 1676 Hem.
1076 1646 1126 1686 [ι’.
1152 1647 1206 1677 29.
1234 1650 1266 1676 et
1290 1655 1396 1685 supra
1419 1656 1454 1685 p.
1474 1644 1589 1675 CLII.

245 1826 302 1867 55
342 1841 361 1865 e
396 1830 564 1866 Thilonis
592 1830 701 1865 libris
739 1831 843 1865 solus
872 1829 1077 1864 Parisinus
1106 1830 1280 1864 seruauit
1460 1826 1495 1866 2.
1529 1826 1650 1862 Lauini

131 1889 259 1924 Paris.
319 1886 449 1922 Lanius
481 1888 538 1923 ed.
570 1886 721 1922 Daniel.
780 1885 821 1920 ab
853 1886 921 1920 aris
957 1885 1052 1921 Roth
1223 1884 1426 1920 immolatus
1457 1884 1586 1919 Paris.

190 1945 227 1981 3.
260 1944 293 1978 in
315 1943 460 1978 siciliam
483 1943 610 1979 Paris.
671 1942 807 1990 syluam
833 1942 1066 1977 Brissonius.
1094 1941 1236 1977 Jordan
1259 1943 1491 1987 conparauit
1526 1940 1650 1976 Valer.

135 2001 243 2036 Max.
274 1999 300 2035 Ι
327 1999 370 2044 6,
413 1999 455 2035 7:
494 1998 579 2034 Cum
622 1998 757 2033 Lauinii
795 1997 1007 2033 sacrificium
1049 1998 1167 2032 facere
1208 1997 1317 2032 uellet
1360 1997 1424 2041 (C.
1463 1996 1652 2032 Hostilius

133 2057 377 2101 Mancinus),
418 2054 507 2102 pulli
537 2066 644 2091 cauea
683 2055 801 2090 emissi
832 2055 867 2089 in
905 2055 1100 2101 proximam
1131 2053 1257 2088 siluam
1297 2053 1469 2100 sugerunt
1500 2063 1652 2087 summa-

136 2123 204 2160 que
236 2112 420 2159 diligentia
459 2112 610 2158 quaesiti
647 2111 795 2158 reperiri
827 2111 1080 2158 nequiuerunt.
1149 2111 1245 2145 idem
1287 2110 1500 2156 prodiqium
1542 2108 1652 2143 Obse-

136 2179 257 2215 quens
288 2167 339 2203 24
372 2169 528 2213 rettulit,
562 2168 626 2203 ubi
654 2168 751 2203 silua
783 2167 1022 2202 Laurentina
1053 2167 1206 2202 (licitur.

249 2219 323 2271 56,
357 2224 392 2259 5.
425 2223 592 2258 Arcadiae
623 2224 969 2271 Angelomonlanus
1143 2222 1179 2257 7.
1211 2222 1357 2256 interitu
1388 2221 1581 2266 Anqelom.

138 2280 274 2327 oeclegi
307 2279 478 2326 sangall.
539 2279 630 2315 oclei
651 2279 847 2326 Guelferb.
992 2278 1029 2315 8.
1062 2278 1137 2313 sctu
1168 2289 1199 2313 u.
1221 2274 1272 2326 s.]
1306 2278 1460 2313 uersam-i
1483 2276 1654 2323 Sanqall.

279 2336 315 2371 9.
347 2335 530 2370 cathillum
561 2336 664 2371 Leid.
841 2335 1012 2382 depulsus
1042 2335 1172 2381 Anyel.
1353 2333 1388 2369 9.
1424 2333 1486 2369 10.
1519 2344 1561 2367 ex
1593 2343 1655 2379 op-

138 2392 221 2440 pido
253 2391 390 2426 Siciliae
420 2392 571 2427 induxit
593 2392 804 2428 Salmasius
862 2404 912 2427 an
944 2402 986 2426 ex
1018 2390 1149 2438 oppido
1181 2389 1306 2425 incolis
1339 2388 1544 2424 ueteribus?
1603 2387 1655 2422 Si-

138 2444 256 2497 ciliae]
290 2448 418 2483 sicania
452 2447 582 2495 Anyel.
756 2448 854 2483 fratri
886 2447 1059 2494 Sanyall.

252 2499 327 2551 57,
361 2502 424 2538 12.
458 2503 502 2538 M.
533 2502 619 2538 Cato
645 2516 688 2550 p.
721 2503 803 2540 490
835 2504 1031 2550 Guelferb.
1064 2504 1164 2539 Leia.
1189 2503 1218 2539 S
1273 2507 1429 2537 mercato
1461 2501 1590 2537 Paris.

145 2560 205 2597 12.
231 2560 294 2596 13.
326 2560 362 2594 in
393 2555 537 2607 campo]
565 2571 607 2605 p.
630 2559 731 2597 490:
763 2561 798 2594 in
831 2565 898 2606 οἴῳ
931 2559 1056 2606 Guelf.
1205 2558 1338 2605 tyburti
1371 2557 1488 2592 Rern.
1517 2568 1556 2602 p.
1574 2555 1657 2592 490

142 2616 315 2652 tiburtino
353 2616 456 2651 Leid.
658 2615 804 2651 ordeum
842 2616 975 2651 Banzl).
1008 2615 1125 2662 Sana.
1168 2615 1273 2650 Grai.
1314 2613 1448 2649 Karol.
1482 2624 1522 2658 p.
1555 2611 1656 2649 490:

143 2673 233 2709 Par.
268 2671 394 2718 Guelf.
439 2703 442 2705 ,
567 2671 743 2706 demesuit
775 2671 882 2707 Grut.
1047 2685 1056 2714 3
1088 2671 1181 2705 Idem
1215 2671 1307 2705 Par.
1340 2670 1374 2705 R
1411 2669 1525 2703 Rern.
1560 2668 1657 2704 San-

143 2731 233 2776 qall.
257 2729 365 2767 Grut.
386 2727 524 2763 Is'arol.
669 2728 736 2762 erit
766 2738 918 2773 supscr.
951 2740 966 2762 s
998 2738 1105 2775 supr.
1128 2738 1146 2760 e
1179 2727 1298 2761 Bern.
1328 2726 1416 2759 serit
1444 2723 1491 2759 ibi
1522 2724 1657 2761 Banzb.

146 2785 261 2821 Halb.
295 2785 409 2831 Sany.
447 2784 553 2819 Grai.
587 2783 722 2818 Karai.
754 2784 847 2819 Par.
881 2785 914 2819 R
947 2794 1020 2819 sec.
1054 2795 1099 2818 m.
1267 2780 1328 2816 14.
1363 2780 1510 2815 ordeum
1543 2780 1657 2827 Sany.

148 2842 254 2877 (ἓν-ιιι.
288 2842 423 2877 Isarol.
597 2839 851 2874 demesucrunt
883 2840 989 2875 Grul.
1025 2839 1157 2874 Karol.

1338 2900 1392 2933 V*
