1884 3213
543 205 608 236 DE
634 202 907 236 ANNALIBVS
932 202 1139 235 MAXIMIS
1509 211 1603 240 XXV

190 316 285 358 942.
318 319 440 358 Sidus
469 321 595 358 simile
630 322 806 357 cometae
829 329 908 367 per
942 314 993 355 14
1024 322 1157 356 noctes
1188 319 1318 356 uisum
1349 315 1604 363 manifestius

77 392 156 431 est;
188 392 226 425 et
256 389 444 425 immensa
475 388 700 426 mortalitas
729 387 856 426 boum.

191 452 287 494 946.
322 454 409 493 Otto
439 466 516 493 rex
546 456 586 492 in
620 455 793 493 Galliam
824 453 1074 500 inferiorem.

189 519 284 560 947.
319 523 565 561 Mirmidona
596 523 770 560 uulcano
801 523 1060 561 consumitur.

79 594 116 628 et
148 602 194 628 ex
227 590 438 629 annalibus
470 589 722 629 Casinatibus
756 587 796 639 (l.
830 602 858 627 s.
894 602 930 640 p.
966 587 1081 640 172);

189 654 283 697 969.
317 659 402 697 Hoc
432 668 536 696 anno
565 659 624 696 sol
652 658 887 695 obscuratus
916 661 985 702 est,
1018 662 1056 695 et
1085 667 1254 704 maanus
1290 658 1378 693 Otto
1411 656 1604 693 Calabria

77 727 276 773 inpressas
305 730 363 764 est
392 730 429 764 ct
459 727 615 774 accepit
643 726 851 772 coiiiecyem
878 726 963 771 silio
993 735 1062 763 suo
1085 724 1217 762 Ottoni
1245 728 1398 772 neptem
1429 722 1607 761 Iohanni

79 793 512 842 Constantinopolitani
539 794 788 842 imperatori,
823 794 893 841 qui
919 794 1222 841 coqnominatus
1253 796 1310 829 est
1341 791 1517 829 Cimislci.

190 857 284 899 986.
317 862 404 900 Hoc
434 872 540 899 aimo
571 859 784 907 defunctus
820 865 878 899 est
908 861 1074 899 domnus
1113 861 1327 908 Aliqernus
1365 858 1605 897 uenerabilis

78 929 212 971 abbas,
245 929 288 966 id
315 933 372 967 est
402 930 619 967 indictione
643 925 705 966 14.
738 933 775 966 et
803 929 950 967 Manso
981 930 1023 966 in
1054 929 1141 966 loco
1171 929 1254 966 eius
1284 927 1517 966 constitutus
1546 931 1604 965 est

78 996 230 1045 abbate,
262 989 371 1035 nobis
401 998 553 1039 inuitis,
586 996 664 1034 liab
697 996 854 1035 Aluara
880 997 1129 1044 principissa
1160 1006 1249 1034 cunt
1282 996 1367 1042 silio
1405 1006 1495 1038 suo,
1529 996 1601 1032 ad-

77 1064 154 1102 huc
177 1075 284 1112 puer
307 1065 512 1113 princeps.

191 1128 287 1169 992.
319 1133 407 1170 Hoc
437 1143 544 1170 anno
574 1131 854 1178 Laudenolfus
879 1133 1074 1180 princeps
1107 1131 1323 1180 Capuanus
1355 1142 1380 1168 a
1400 1132 1482 1169 suis
1511 1142 1603 1169 cru-

78 1200 218 1237 deliter
248 1199 482 1246 intetfectus
511 1205 579 1244 est,
611 1204 647 1237 et
675 1199 896 1249 Laudolsus
923 1210 1139 1246 qermanus
1169 1200 1253 1237 eius
1284 1200 1480 1248 princeps
1509 1210 1602 1236 con-

76 1268 301 1305 stituerunt.

191 1334 234 1372 In
266 1334 411 1385 quihus
443 1337 547 1373 notis
579 1347 709 1373 nonne
742 1340 800 1373 est
833 1335 936 1373 idem
969 1347 1089 1373 sonus
1121 1336 1188 1385 qui
1221 1336 1262 1372 in
1295 1336 1352 1372 eis
1374 1334 1480 1372 Liuii
1514 1346 1602 1384 par-

79 1401 197 1446 Hhus,
230 1414 328 1453 quae
361 1404 435 1440 etsi
467 1415 545 1441 non
577 1415 623 1441 ex
656 1403 753 1452 ipsis
784 1403 1017 1453 pontificum
1041 1402 1265 1445 annalibus,
1298 1407 1430 1440 tamen
1461 1413 1505 1438 ex
1530 1402 1601 1442 eis,

78 1470 145 1520 qui
177 1471 316 1520 paucis
347 1470 468 1508 rebus
500 1476 537 1508 et
569 1469 706 1508 uerbis
739 1472 901 1508 mutatis
934 1483 979 1508 ex
1015 1470 1095 1508 illis
1116 1470 1308 1521 descripti
1341 1474 1444 1513 sunt,
1479 1470 1601 1519 origi-

79 1550 168 1575 nem
201 1537 358 1575 trahere
390 1538 579 1576 uidentur
592 1540 605 1575 Υ
665 1537 855 1588 Exempla
888 1538 983 1576 haec
1017 1534 1195 1587 suntozl)

190 1605 225 1643 ΙΙ
259 1602 329 1649 16,
367 1604 386 1642 1
430 1602 538 1654 (505.
571 1602 690 1655 249);
734 1605 920 1644 Consules
961 1606 1016 1643 M.
1061 1605 1244 1643 Valerius
1284 1606 1326 1642 P.
1368 1606 1602 1643 Postumius,

79 1683 124 1710 eo
164 1683 269 1711 anno
315 1674 412 1710 bene
443 1679 667 1721 puynalum
713 1683 802 1711 cum
840 1672 1011 1711 Sabinis.
1071 1674 1252 1711 consules
1289 1673 1602 1721 triumpharunt.

78 1741 228 1777 maiore
257 1741 350 1777 inde
379 1741 479 1778 mole
509 1739 650 1778 Sabini
678 1741 820 1778 bellum
842 1741 1066 1789 parabant.

190 1807 225 1845 11
267 1804 335 1850 19,
372 1805 390 1844 1
427 1804 534 1856 (500.
568 1805 687 1857 254):
733 1808 921 1846 Consules
960 1807 1048 1846 Ser.
1090 1807 1293 1856 Sulpicius
1325 1808 1398 1846 Μ’.
1436 1808 1602 1847 Tullius.

78 1875 180 1913 nihil
208 1875 369 1921 diynum
400 1877 588 1913 memoria
621 1880 766 1914 actum.
813 1875 855 1913 T.
880 1876 1067 1914 Aebutius
1097 1876 1241 1913 deinde
1271 1879 1308 1913 et
1337 1876 1379 1913 C.
1414 1876 1604 1915 Vetusius,

78 1942 139 1981 liis
167 1943 395 1981 consulibus
417 1943 596 1981 Fidenae
624 1944 812 1987 obsessae,
846 1944 1117 1982 Crustumeria
1147 1948 1282 1991 capta,
1318 1944 1535 1981 Praeneste
1555 1944 1604 1980 ab

79 2010 232 2048 Latinis
262 2011 320 2048 ad
347 2010 547 2048 Romanos
577 2011 755 2049 desciuit.
805 2022 877 2049 nec
908 2012 1014 2048 ultra
1045 2011 1187 2048 belluni
1219 2011 1406 2049 Latinum
1433 2012 1605 2058 giliscens

79 2079 158 2115 iam
185 2089 261 2126 per
290 2079 442 2126 aliquot
471 2089 599 2116 annos
630 2079 796 2116 dilatum
827 2083 865 2115 et
895 2091 932 2128 q.
967 2092 996 2116 s.

193 2144 226 2183 ΙΙ
256 2142 323 2188 40,
360 2142 411 2182 14
442 2142 549 2195 (487.
582 2141 698 2190 267);
741 2145 927 2183 Consules
969 2145 1012 2182 T.
1045 2145 1220 2184 Sicinius
1256 2150 1293 2184 et
1334 2146 1373 2184 C.
1409 2145 1602 2193 Aquilius.

80 2211 231 2250 Sicinio
263 2212 404 2256 Volsci,
440 2214 598 2260 Aquilio
629 2213 798 2250 Hernici
825 2234 880 2239 *-
910 2224 1002 2251 nam
1033 2214 1064 2251 ii
1081 2224 1234 2261 quoque
1264 2214 1304 2251 in
1335 2215 1459 2251 armis
1488 2217 1606 2251 erant

83 2301 132 2306 —
163 2281 376 2328 prouincia
406 2281 548 2318 euenit.
610 2290 654 2317 eo
683 2290 788 2317 anno
808 2280 979 2318 Hernici
997 2280 1155 2324 deuicti,
1187 2291 1275 2318 cum
1307 2281 1457 2319 Volscis
1478 2291 1605 2328 aequo

82 2347 217 2385 Marte
246 2348 458 2385 discessum
488 2352 558 2385 est.

194 2412 342 2458 11131,
378 2412 398 2451 1
434 2411 543 2464 (456.
575 2411 692 2465 298);
742 2414 898 2453 Deinde
938 2415 994 2453 M.
1035 2415 1241 2458 Valerius,
1282 2415 1353 2463 Sp.
1396 2416 1606 2462 Verffl'nius

171 2556 198 2599 ¹)
225 2558 399 2599 Niebuhr,
425 2559 507 2591 hist.
529 2560 628 2593 Rom,
648 2559 682 2590 11
701 2570 734 2600 p,
752 2560 782 2594 5,
830 2559 936 2601 Apud
954 2560 1180 2601 Dionysium,
1209 2570 1299 2601 quas
1318 2571 1376 2591 res
1395 2570 1505 2601 supra
1525 2559 1603 2589 bre—

82 2615 178 2646 uiter
202 2614 385 2646 indicatas
409 2615 512 2646 uides
538 2616 683 2657 copiose
709 2616 781 2647 iam
807 2618 999 2648 enarratas
1026 2619 1063 2647 et
1088 2619 1280 2648 exornatas
1306 2615 1408 2657 legis,
1459 2615 1504 2648 cf.
1530 2625 1604 2645 ma-

82 2670 176 2701 xime
202 2669 276 2702 Liu.
304 2670 339 2702 11
366 2671 418 2710 16,
446 2672 462 2702 1
489 2673 525 2702 et
550 2671 701 2712 Dionys,
727 2672 758 2702 V
783 2672 926 2704 37—40.
976 2672 1057 2706 Liu.
1086 2672 1121 2704 II
1149 2673 1198 2712 19,
1220 2673 1235 2703 1
1265 2675 1302 2702 et
1327 2671 1435 2702 Dion.
1462 2670 1492 2700 V
1517 2671 1604 2701 52—

83 2727 136 2760 58.
176 2725 220 2759 L.
247 2725 282 2756 II
307 2727 348 2757 21
380 2729 414 2757 et
440 2727 482 2761 D.
507 2727 538 2757 V
563 2727 702 2758 ‘zo—VI
728 2728 759 2758 2.
802 2728 843 2761 L.
870 2727 906 2759 II
930 2728 986 2767 40,
1013 2729 1055 2759 14
1081 2730 1118 2759 et
1148 2728 1191 2762 D,
1219 2727 1306 2758 VIII
1331 2726 1475 2764 <ii-68,
1511 2737 1603 2768 quae

85 2780 251 2823 exempla
276 2781 408 2822 optime
442 2784 478 2813 et
510 2783 695 2814 annalium
728 2783 963 2814 maximorum
993 2793 1188 2824 earumque
1222 2781 1475 2821 historiarum,
1510 2792 1602 2824 quae

84 2839 221 2879 primae
254 2848 275 2868 a
300 2837 473 2869 Romanis
506 2837 663 2878 scriptae
700 2841 802 2877 sunt,
839 2842 879 2869 ut
915 2839 1022 2870 Fabii
1060 2838 1270 2878 Cinciique,
1308 2837 1528 2869 breuitatem
1568 2842 1604 2869 et

84 2893 321 2934 posteriorum
347 2892 592 2934 prolixitatem
618 2893 825 2929 inlustrant,
