1884 3213
146 988 204 1017 181

235 171 313 211 122
859 169 1037 208 mmmm
1046 169 1156 200 mu

345 283 427 324 9²³³.
468 286 590 324 Vcerr.
624 286 662 322 d.
685 286 712 322 l.
744 285 770 321 l.
806 284 835 320 Γ
868 280 948 322 165
978 283 1110 321 Tertia
1146 281 1313 334 [porta]
1347 288 1406 321 est
1436 283 1621 327 Ianualis,
1655 283 1759 322 dicia

235 353 283 391 ab
315 354 422 397 laun,
466 358 503 391 et
535 352 624 390 ideo
668 350 725 389 ibi
765 352 937 402 positum
980 351 1062 389 ‚lani
1103 352 1261 401 siguum
1301 356 1338 389 et
1378 352 1440 389 ius
1483 352 1708 389 insumuun
1739 364 1757 389 a

238 421 445 471 l'mupilio,
479 426 521 458 ιιΙ,
543 419 687 458 scribit
719 421 758 458 in
792 418 1004 457 annalibus
1026 419 1129 464 Piso,
1165 422 1207 456 ut
1237 419 1288 457 sit
1310 423 1444 469 aperta
1478 430 1648 470 semper,
1682 419 1760 457 nisi

236 502 324 527 vum
359 488 507 527 bellum
539 489 592 526 sit
624 500 831 538 nusquam.

351 553 423 595 10.
455 556 561 594 Ρῖὶη.
584 555 635 593 ΙΙ
654 552 735 593 140
765 554 884 593 Vetus
908 556 1007 593 l'ama
1029 554 1216 593 Etruriae
1238 558 1298 593 est
1327 575 1383 581 ——-
1413 558 1622 593 euocatum
1656 552 1757 605 [ful-

233 623 340 675 men]
383 637 402 661 a
441 624 606 662 Porsina
646 635 717 661 suo
756 635 864 673 rege.
926 628 965 661 el.
1003 627 1093 661 aute
1134 634 1225 661 eum
1264 635 1284 661 a
1324 622 1449 660 Numa
1487 623 1646 673 saepius
1686 621 1759 660 hoe

234 693 456 731 factitatum
497 692 536 729 in
577 692 707 742 primo
747 690 950 729 annalium
989 702 1150 729 suorum
1192 690 1358 729 tradidit
1396 690 1437 728 L.
1472 690 1581 734 Piso,
1624 691 1760 740 glanis

233 765 393 803 auctor,
427 759 530 809 quod
574 760 770 797 imitatum
812 770 951 809 parum
985 759 1062 796 rite
1093 758 1250 796 Tullum
1282 757 1495 796 llosiilimn
1528 759 1652 796 ictum
1684 757 1758 796 sul-

234 829 354 866 mine.

347 891 417 935 11.
451 895 553 933 Ρίῖη,
579 894 694 932 XII]
714 891 768 932 84
799 893 1159 938 ‹lassiusllm11ina,
1195 894 1488 932 uetustissimus
1520 898 1657 931 auctor
1689 906 1754 931 au—

235 963 407 1007 ualium,
448 967 588 1012 quarto
628 974 765 1000 eorum
808 961 913 999 libro
960 961 1158 1012 prodidit,
1199 962 1269 999 (ln.
1310 961 1541 999 Terentium
1586 960 1759 999 scribam

234 1042 373 1080 agrum
412 1042 527 1068 suum
570 1031 608 1067 iu
640 1028 820 1068 Ianiculo
852 1030 1164 1080 repastinantem
1205 1028 1388 1067 ell'odisse
1420 1040 1573 1073 arcam,
1614 1030 1652 1066 iu
1684 1041 1758 1079 qua

233 1098 371 1142 Numa,
404 1099 472 1149 qui
502 1098 650 1137 Romae
682 1097 886 1147 regnauit,
927 1098 1027 1135 situs
1059 1098 1213 1135 suisset.
1275 1098 1316 1135 in
1348 1095 1485 1135 eadem
1516 1095 1644 1135 libros
1675 1097 1760 1135 eius

233 1171 415 1217 repertos
454 1166 496 1204 Ι).
532 1165 717 1204 Cornelio
756 1164 798 1202 L.
841 1165 867 1203 f.
910 1164 1082 1215 Cethego
1120 1164 1170 1203 M.
1203 1164 1351 1203 Baebio
1392 1164 1437 1210 Q.
1479 1165 1505 1202 f.
1551 1164 1758 1215 Tamphilo

233 1247 334 1277 cos„
381 1234 429 1272 ad
476 1246 574 1283 quos
615 1247 633 1270 a
683 1244 805 1281 reguo
846 1232 994 1271 Numae
1035 1232 1281 1281 colliguntur
1329 1233 1422 1271 anni
1462 1239 1626 1271 DCCCV.
1688 1231 1760 1270 hos
1795 1244 1810 1266 5

324 1389 364 1423 9.
403 1390 447 1430 ef.
473 1390 550 1424 Lin.
576 1391 597 1422 I
625 1392 675 1429 19,
703 1392 742 1422 2:
769 1388 909 1431 (Numa)
943 1390 1068 1420 Ianum
1101 1389 1145 1421 ad
1176 1388 1335 1421 infimum
1361 1388 1565 1431 Argiletum
1602 1388 1759 1421 indicem

234 1437 335 1478 pacis
361 1435 524 1477 bellique
552 1436 657 1478 fecit,
685 1439 835 1478 apertus
860 1438 901 1467 ut
926 1435 964 1466 in
989 1434 1098 1466 armis
1125 1445 1204 1467 esse
1239 1435 1445 1472 ciuitatem,
1472 1434 1616 1467 clausus
1649 1445 1756 1476 paea-

233 1487 289 1513 tos
316 1481 413 1513 circa
438 1492 561 1514 omnes
586 1481 740 1524 populos
765 1491 843 1513 esse
870 1479 1106 1522 significaret.
1156 1479 1348 1522 Schwegsler
1372 1480 1395 1511 I
1416 1491 1451 1522 p.
1469 1480 1533 1512 481
1552 1490 1626 1522 sqq,
1662 1480 1758 1512 Prel-

233 1529 286 1559 ler
310 1527 409 1568 myth.
435 1526 528 1560 Rom.
552 1538 587 1569 p.
615 1528 679 1559 154
704 1537 755 1568 sq.

322 1570 388 1605 10.
415 1573 481 1603 uid.
506 1573 556 1613 fr.
584 1573 625 1604 13
650 1583 721 1604 cum
746 1572 860 1605 adnot.

323 1615 382 1650 11.
411 1617 533 1649 Famae
552 1618 758 1650 Pz'sonz'ancte
784 1628 830 1649 ex
855 1627 974 1649 errore
999 1617 1169 1648 Valerium
1188 1617 1360 1648 Antiatem
1385 1620 1555 1648 auctorem
1572 1616 1757 1656 adscripsit

233 1663 350 1694 Liuias
382 1662 529 1694 XXXX
557 1664 615 1699 29,
648 1665 678 1695 3.
727 1664 795 1694 uid.
827 1672 934 1704 supra
965 1673 998 1703 p.
1028 1661 1081 1693 CC
1118 1662 1223 1693 uerba
1261 1662 1335 1693 Lz'u.
1368 1661 1451 1693 haec
1487 1665 1582 1693 sunt:
1622 1660 1760 1693 Eodem

233 1718 328 1739 anuo
354 1708 392 1738 in
418 1718 505 1749 agro
538 1709 579 1741 L.
606 1707 746 1740 Petillii
777 1708 920 1740 scribae
948 1708 1012 1739 sub
1039 1707 1223 1747 Ianiculo,
1251 1707 1333 1739 (lum
1359 1706 1517 1738 cultores
1543 1706 1623 1747 agri
1648 1705 1759 1738 altius

232 1752 428 1784 moliuntur
453 1756 599 1791 terram,
625 1753 718 1785 duae
743 1753 913 1794 lapideae
932 1762 1052 1790 areae,
1078 1755 1228 1784 octonos
1252 1751 1362 1784 ferme
1381 1751 1490 1794 pedes
1508 1751 1651 1792 longae,
1673 1761 1758 1793 qua-

232 1801 356 1829 ternos
381 1797 490 1839 latae,
518 1799 691 1830 inuentae
718 1800 814 1838 suut,
841 1797 1023 1839 opereulis
1043 1797 1195 1840 *plumbo
1222 1797 1414 1830 deuinctis.
1452 1796 1587 1829 litteris
1611 1796 1757 1828 Latinis

234 1843 458 1884 Graecisque
498 1847 652 1884 utraque
696 1853 781 1875 area
821 1844 958 1885 scripta
1000 1846 1093 1882 erat,
1134 1843 1172 1874 in
1204 1842 1323 1874 altera
1352 1843 1502 1874 Numam
1540 1841 1759 1883 Pompilium

233 1888 430 1930 Pomponis
449 1888 574 1928 filium,
593 1898 715 1930 regem
740 1889 995 1928 Romanorum,
1023 1888 1203 1929 sepultum
1229 1898 1322 1927 esse,
1349 1888 1386 1919 in
1413 1887 1530 1918 altera
1554 1886 1666 1919 libros
1685 1888 1756 1919 Nu-

233 1944 314 1965 mae
346 1933 519 1976 Pompilii
550 1934 680 1967 inesse.
730 1944 793 1965 eas
827 1943 932 1965 areas
964 1944 1044 1965 eum
1077 1943 1119 1964 ex
1152 1933 1349 1965 amicorum
1382 1932 1568 1964 sententia
1593 1932 1758 1964 dominus

234 1980 458 2021 aperuisset,
493 1989 585 2020 quae
618 1977 765 2010 titulum
796 1978 928 2020 sepulti
958 1978 1056 2019 regiS
1087 1978 1283 2018 habuerat,
1318 1978 1439 2009 inanis
1471 1977 1640 2015 inuenta,
1678 1977 1756 2009 sine

232 2024 392 2066 uestigio
424 2023 496 2056 ullo
528 2024 691 2065 eorporis
722 2023 871 2054 humani
903 2026 967 2054 aut
992 2023 1103 2054 ullius
1135 2024 1205 2063 rei,
1245 2033 1308 2064 per
1340 2024 1461 2055 tabem
1498 2025 1552 2054 tot
1583 2032 1758 2055 annorum

235 2070 401 2101 omnibus
428 2069 644 2110 absumptis.
677 2069 714 2099 in
741 2068 858 2100 altera
883 2067 952 2099 duo
980 2068 1099 2099 fasces
1127 2067 1291 2100 candelis
1317 2067 1474 2100 inuoluti
1500 2069 1668 2108 septenos
1695 2068 1756 2099 lia—

233 2116 344 2147 buere
370 2114 494 2153 libros,
521 2125 593 2146 non
618 2114 780 2155 integros
807 2113 909 2145 modo
937 2113 1000 2145 sed
1026 2113 1279 2145 recentissima
1305 2113 1434 2154 specie.
1474 2115 1607 2154 septem
1632 2112 1758 2144 Latini

235 2160 278 2191 (le
304 2160 382 2191 iure
416 2159 599 2201 pontificio
628 2162 748 2199 erant,
783 2163 924 2200 septem
951 2158 1082 2190 Graeci
1109 2158 1151 2189 (le
1178 2157 1372 2200 disciplina
1404 2158 1629 2200 sapientiae,
1664 2167 1756 2199 quae

232 2205 332 2236 illius
358 2205 489 2237 aetatis
516 2214 595 2236 esse
623 2204 753 2246 potuit.
794 2204 908 2235 adicit
927 2203 1317 2234 AntiasValerius
1336 2203 1600 2244 Pythagoricos
1627 2203 1756 2241 fuisse,

233 2249 407 2291 uulgatae
441 2249 623 2291 opinioni,
656 2259 726 2291 qua
758 2248 916 2280 creditur
948 2248 1182 2290 Pythagorae
1215 2248 1418 2280 auditorem
1449 2248 1563 2280 fuisse
1594 2248 1756 2285 Numam,

235 2295 420 2326 mendacio
441 2295 622 2336 probabili
648 2293 927 2326 adcommodata
945 2293 1027 2325 fide.
1061 2294 1175 2334 primo
1195 2294 1240 2326 ab
1268 2293 1409 2334 amieis,
1436 2293 1498 2334 qui
1523 2294 1560 2324 in
1585 2303 1624 2325 re
1650 2303 1755 2335 prae-

234 2341 329 2372 senti
357 2340 522 2379 fuerunt,
549 2340 632 2371 libri
657 2339 762 2376 leeti3
795 2349 874 2370 mox
901 2339 1062 2380 pluribus
1088 2338 1294 2380 legentibus
1320 2349 1400 2371 eum
1425 2338 1680 2380 uulgarentur‚
1713 2338 1754 2377 Q.

235 2385 405 2417 l’etillius
423 2389 569 2426 praetor
593 2385 754 2416 urbanus
779 2384 963 2416 studiosus
989 2384 1133 2425 legendi
1158 2383 1268 2416 libros
1286 2394 1348 2416 eos
1366 2395 1387 2416 a
1406 2384 1448 2415 L.
1468 2382 1620 2415 Petillio
1638 2393 1756 2425 sump-

234 2431 299 2471 sit5
333 2433 368 2462 et
400 2433 479 2462 erat
518 2429 711 2461 familiaris
749 2438 856 2468 usus,
895 2429 989 2469 quod
1021 2429 1179 2460 scribam
1207 2439 1286 2460 eum
1320 2431 1492 2471 quaestor
1518 2428 1560 2468 Q.
1586 2427 1756 2460 Petillius

234 2476 269 2506 iu
296 2475 480 2507 decuriam
511 2474 663 2515 legerat.
712 2474 821 2505 lectis
848 2484 965 2506 rerum
998 2475 1144 2506 summis
1168 2484 1248 2506 eum
1275 2473 1608 2514 animaduertisset,
1634 2472 1755 2515 plera-

234 2531 303 2561 que
329 2520 643 2552 dissoluendarum
670 2519 888 2560 religionum
913 2529 1002 2558 esse,
1032 2520 1071 2550 L.
1096 2519 1242 2551 Petillio
1269 2518 1362 2551 dixit
1387 2529 1466 2551 sese
1492 2518 1606 2550 libros
1632 2528 1693 2550 eos
1718 2518 1755 2549 in

233 2566 355 2607 ignem
375 2566 625 2598 coniecturum
645 2574 743 2603 esse3
771 2564 982 2606 priusquam
1010 2564 1046 2595 id
1074 2564 1223 2604 faceret,
1250 2574 1289 2596 se
1316 2565 1349 2597 ei
1375 2564 1599 2606 permittere,
1626 2563 1696 2603 uti,
1724 2563 1752 2595 si

234 2610 327 2651 quod
346 2621 411 2643 seu
435 2611 489 2642 ius
516 2621 580 2642 seu
607 2610 783 2642 auxilium
808 2619 846 2641 se
871 2609 1006 2641 habere
1032 2609 1079 2640 ad
1105 2620 1166 2641 eos
1188 2609 1300 2641 libros
1325 2609 1545 2652 repetendos
1571 2608 1754 2641 existima·

233 2658 299 2692 ret,
327 2656 568 2698 experiretur:
602 2655 637 2687 id
662 2655 806 2697 integra
836 2665 903 2687 sua
936 2655 1056 2696 gratia
1089 2664 1168 2687 eum
1194 2655 1387 2689 facturum.
1437 2654 1556 2686 scriba
1587 2653 1753 2685 tribunos

345 2800 389 2851 0,
422 2804 457 2839 -1,
493 2816 599 2852 aluum
633 2805 763 2841 Hazm.

349 2854 420 2908 10,
453 2862 487 2896 8.
520 2861 684 2896 Ostilium
714 2861 823 2897 Ricc.

1783 904 1812 928 10
