1884 3213
255 199 502 230 Lxxxxvnl
619 191 684 222 DE
712 186 1020 222 SCRIPTORVM
1045 187 1174 221 VITIS
1202 187 1264 219 ET
1292 186 1509 220 SORIPTIS

257 308 294 343 iu
318 308 388 346 eis.
421 318 519 356 quae
553 306 629 354 ipsi
653 304 698 341 de
721 303 901 342 sontibus
932 304 1015 341 suis
1048 314 1270 353 proponere
1303 301 1452 353 placuit
1486 300 1514 352 (l
1545 299 1607 353 4);
1634 295 1782 352 ‘Haece

254 369 339 423 γὰρ
363 370 406 419 ἐξ
434 365 641 421 Ἀγυρίου
663 368 710 409 τὸ
732 368 859 421 γένος
889 370 965 421 τῆς
989 368 1197 415 Σικελίας
1227 365 1351 415 ὄντες
1381 366 1455 407 καὶ
1477 360 1549 406 διά
1571 361 1653 420 τὴν
1685 365 1781 407 ἐπι-

253 438 401 490 μιξίαν
433 443 523 485 τοῖς
555 435 605 477 ἐν
636 438 688 490 τῇ
720 435 843 491 νήσῳ
874 433 1046 489 πολλὴν
1080 434 1313 489 ἐμπειρίαν
1334 435 1409 488 τῆς
1433 432 1658 487 Ῥωμαίων
1679 434 1782 475 δια-

254 504 410 545 λέκτου
444 503 836 557 περιπεποιημένοι
858 503 1003 551 πάσας
1025 500 1103 551 τοὶς
1123 503 1199 557 τῆς
1219 499 1458 556 ἡγεμονίας
1478 501 1641 555 ταύτης
1662 501 1781 555 πρά-

254 573 337 621 ξεις
369 569 563 625 ἀκριβῶς
594 567 944 625 ἀνελάβομεν
977 568 1033 611 ἐκ
1071 571 1176 610 τῶν
1215 565 1336 623 παρ’
1379 567 1617 617 ἐκείνοις
1646 566 1782 610 ὑπο-

252 638 551 693 μνημάτων
584 634 639 680 {u
671 641 853 680 πολλῶν
883 638 1061 692 χρόνων
1091 637 1412 692 τετηρημένων.
1427 637 1474 691 ¹)-

366 710 466 749 Num
499 710 550 748 St
563 722 611 748 ra
624 708 723 762 l30‘3)
759 716 918 761 praeter
951 723 1041 748 eum
1073 709 1218 753 locum,
1251 707 1320 747 uhi
1354 708 1486 746 addito
1518 709 1678 747 nomine
1709 707 1780 747 Fa-

254 780 363 817 bium
396 779 549 821 citauit,
585 792 630 816 eo
663 790 757 816 usus
789 779 852 822 sit,
886 790 958 829 pro
990 783 1100 816 certo
1132 776 1335 815 adfirmari
1366 788 1444 814 non
1477 781 1619 827 potest.
1681 788 1780 828 quae

252 853 384 885 tamen
417 847 464 884 de
497 847 653 896 origine
687 845 798 884 urbis
832 845 873 895 (V
904 844 929 884 3
961 859 998 897 p.
1031 843 1114 883 229
1145 845 1218 897 sq.)
1261 845 1442 895 exponit,
1481 849 1697 895 potuerunt
1737 856 1779 882 ea

255 927 414 953 manare
447 927 492 951 ex
525 913 661 958 Fabio,
695 918 999 964 repraesentant
1031 918 1140 951 certe
1171 913 1407 951 memoriam
1438 911 1668 957 Romanam,
1702 923 1779 950 non

255 984 465 1025 Graecam,
508 987 623 1032 atque
666 994 755 1019 eum
789 980 932 1019 Strabo
975 981 1173 1019 sermonis
1213 980 1345 1018 Latini
1390 979 1493 1018 haud
1540 981 1592 1018 ita
1635 991 1781 1030 gnarus

253 1052 375 1089 fuisse
409 1050 595 1088 uideatur
636 1061 764 1100 neque
808 1051 1041 1100 frequenter
1079 1050 1299 1099 scriptores
1337 1047 1500 1086 Latinos
1537 1047 1700 1098 legerit,
1733 1046 1780 1084 de

251 1118 398 1169 quibus
432 1118 625 1155 iudicium
657 1129 824 1167 pr·oisus
856 1128 1093 1167 peluelsum
1126 1118 1229 1155 seiat
1270 1115 1336 1166 (ΙΙΙ
1371 1112 1422 1153 19
1453 1128 1491 1166 p.
1527 1112 1634 1166 166),
1666 1113 1779 1153 Fabii

251 1188 304 1224 Gr
308 1199 374 1224 ase
380 1200 423 1223 os
442 1185 603 1223 annales
621 1197 710 1222 eum
733 1196 779 1234 pr
783 1184 969 1222 aetulisse
994 1197 1071 1222 uon
1095 1184 1284 1222 abhorret
1307 1196 1327 1221 a
1349 1184 1437 1221 ueri
1455 1180 1763 1221 similitudine.3

363 1253 417 1291 Ex
453 1253 565 1290 l'lut
579 1265 628 1290 ἰι-
640 1252 717 1290 ehi
752 1253 846 1290 uitis
878 1252 954 1290 hue
987 1253 1191 1303 peltinent
1222 1251 1401 1295 Romuli,
1435 1250 1571 1294 labii,
1603 1222 1779 1288 Malcelli

251 1323 493 1365 uita«,11a=u
528 1322 567 1357 in
600 1321 746 1358 eeteiis
779 1319 992 1358 Plulaleho
1025 1320 1186 1358 urnales
1218 1320 1245 1357 Ι
1250 1319 1416 1358 abianos
1447 1320 1654 1357 matellam
1687 1331 1778 1369 sup—

253 1389 428 1440 peditare
461 1401 539 1426 nou
574 1388 749 1439 potuisse
783 1400 826 1425 ex
861 1400 998 1426 eorum
1033 1387 1184 1431 indole,
1218 1400 1332 1438 quam
1373 1398 1491 1438 supra
1524 1385 1779 1425 adumbraui-

250 1545 335 1579 τῶν
359 1540 697 1588 πονηροτάτων
724 1540 981 1587 ἀνθρώπων
1007 1543 1072 1577 καὶ
1098 1538 1139 1577 ἐκ
1165 1539 1308 1578 τούτων
1333 1539 1526 1587 ἀθροίζων
1552 1542 1616 1577 καὶ
1641 1538 1681 1577 ἐκ
1707 1541 1781 1577 τῶν

250 1598 432 1644 λαφύρων
458 1598 658 1644 ὠφελείας,
687 1598 743 1634 ἔτι
770 1599 811 1634 δὲ
840 1596 959 1634 αὑτὸν
984 1596 1084 1644 ὁρῶν
1110 1603 1195 1639 ταῖς
1220 1595 1403 1644 πράξεσιν
1422 1595 1687 1643 αὐξανόμενον
1712 1598 1776 1633 καὶ

250 1653 341 1696 ὸόὑς
375 1656 428 1696 εἰς
462 1657 705 1700 δημοκοπίαν
740 1655 805 1690 καὶ
843 1651 1021 1700 πλήθους
1053 1651 1274 1701 οἷρέσκειαν,
1314 1654 1578 1700 παρεστήσατο
1609 1651 1676 1690 τὸν
1712 1655 1779 1699 δῆ-

248 1725 319 1757 μον
353 1708 475 1757 ἑαυτῷ
510 1712 757 1754 παραδοῦναι
789 1710 859 1756 τὴν
891 1713 1124 1758 στρατηγίαν
1156 1706 1247 1756 ὅλης
1279 1712 1346 1756 τῆς
1377 1710 1523 1756 Λιβύης
1557 1711 1611 1751 εἰς
1642 1707 1778 1755 χρόνον

252 1765 455 1812 ἀλόγιστον
483 1770 551 1810 (sie
578 1771 672 1803 enim
698 1773 796 1804 recte
823 1771 972 1812 scripsit
1004 1770 1165 1803 Dindorf
1194 1780 1258 1812 pro
1290 1763 1500 1812 ὀλίγιστον,
1531 1769 1626 1811 quod
1658 1772 1714 1801 est
1739 1769 1777 1801 in

249 1826 372 1859 codice
398 1826 461 1858 sed
489 1827 574 1858 ferri
609 1827 771 1870 nequit),
811 1827 873 1858 ubi
910 1827 1094 1859 consentit
1127 1836 1208 1858 cum
1237 1826 1404 1869 Appiano
1434 1824 1523 1867 (uid.
1550 1825 1633 1858 adn.
1660 1824 1705 1857 ad
1735 1825 1778 1856 fr.

247 1882 319 1925 25),
348 1883 407 1925 qui
435 1883 521 1913 item
550 1883 702 1924 primum
730 1883 979 1915 Hamilcarem
1006 1883 1162 1915 consilia
1189 1882 1252 1914 illa
1272 1884 1414 1925 cepisse
1434 1882 1592 1924 scripsit.
1640 1881 1778 1913 Fabius

248 1950 334 1971 uero
360 1939 604 1971 Hasdrubalis
628 1938 856 1980 πλεονεξίαν
888 1938 953 1972 καὶ
987 1939 1197 1982 φιλαρχίαν
1231 1935 1362 1971 αἰτίαν
1387 1934 1571 1981 γενέσθαι
1599 1936 1666 1970 τοῦ
1692 1930 1776 1969 κατ’

245 1991 416 2037 Ἀννίβαν
440 1992 610 2036 πολέμου
636 1999 844 2029 censuerat.

342 2051 366 2092 ¹)
392 2051 523 2083 Mirum
553 2056 621 2094 est,
650 2052 745 2093 quod
771 2052 901 2084 I‘luess
928 2053 965 2083 in
990 2053 1094 2084 Iahn.
1114 2063 1197 2084 ann.
1224 2051 1295 2084 uol.
1315 2053 1357 2084 99
1383 2062 1416 2094 p.
1435 2052 1498 2083 ‘241
1525 2054 1674 2083 ueteres
1700 2050 1776 2082 fon-

250 2111 306 2139 tes
333 2108 466 2139 Latine
492 2108 652 2149 scriptos
678 2108 761 2149 (alte
788 2109 984 2140 lateiniselze
1011 2108 1161 2150 Quellen)
1188 2119 1209 2140 a
1226 2108 1388 2141 Diodoro
1414 2117 1493 2139 esse
1521 2106 1717 2138 exhaustos
1741 2111 1777 2139 et

250 2163 338 2195 haec
366 2163 518 2196 Diodori
544 2165 658 2196 uerba
685 2164 812 2196 fauere
839 2164 1006 2196 Ilarlessi
1033 2165 1208 2207 opinioni,
1235 2175 1306 2207 qua
1331 2165 1440 2196 Fabii
1465 2163 1610 2195 Latinis
1634 2162 1777 2194 annali-

250 2219 318 2250 bus
345 2230 425 2251 eum
450 2229 552 2251 usum
582 2229 662 2252 esse
689 2221 910 2260 coniecerat,
938 2221 1128 2256 conclusit.
1178 2224 1331 2263 possunt
1356 2221 1449 2252 enim
1466 2219 1529 2251 illa
1547 2218 1715 2261 intellegi
1741 2221 1777 2250 et

251 2274 293 2306 de
322 2276 466 2307 Latinis
493 2279 529 2306 et
556 2276 599 2307 de
627 2275 778 2308 Graecis
804 2276 997 2308 annalibus
1025 2288 1046 2308 a
1070 2277 1243 2309 Romanis
1270 2276 1438 2311 conditis.

340 2330 368 2370 ²)
402 2331 485 2362 Misi
523 2331 714 2363 Nicolaum
751 2333 1019 2365 Damaseenum
1059 2333 1116 2374 (fr.
1154 2332 1221 2374 5³).
1277 2344 1360 2365 nam
1398 2333 1475 2365 siue
1509 2342 1589 2364 eum
1621 2330 1775 2373 Corayo,

251 2387 389 2418 Orellio
416 2387 460 2427 (a.
486 2387 520 2419 h.
548 2387 599 2428 1.),
632 2387 834 2421 Ritschelio
868 2389 927 2429 (de
955 2389 1033 2424 cod,
1060 2390 1183 2421 Vrbin.
1209 2400 1241 2431 p.
1270 2388 1339 2430 17),
1371 2390 1413 2424 L.
1438 2388 1623 2421 Dindorfio
1655 2388 1773 2430 (Iahn.

250 2454 330 2476 ann.
358 2445 399 2475 99
427 2453 458 2484 p.
487 2444 546 2473 111
575 2453 652 2484 sqq.
684 2447 720 2475 et
751 2444 835 2476 hist.
868 2455 919 2485 gr.
951 2446 1034 2476 min.
1067 2455 1098 2486 p.
1127 2444 1172 2486 V)
1203 2445 1433 2477 librariorum
1460 2444 1568 2486 culpa
1601 2443 1690 2475 illud
1723 2443 1775 2475 fa-

249 2503 343 2531 ctum
371 2509 451 2531 esse
478 2499 753 2539 existumamus,
780 2503 821 2531 ut
848 2501 1015 2542 Dionysii
1046 2501 1158 2532 uerba
1187 2501 1283 2533 inter
1308 2501 1386 2532 eius
1413 2503 1588 2542 excerpta
1613 2499 1776 2531 intrude-

249 2560 394 2595 rentur,
422 2555 514 2595 siue,
542 2555 637 2595 quod
669 2558 790 2586 tamen
824 2556 911 2587 mihi
946 2557 1062 2588 minus
1093 2556 1231 2597 placet,
1259 2566 1339 2588 cum
1364 2556 1540 2589 Muellero
1573 2556 1630 2597 (fr.
1656 2556 1689 2591 h,
1715 2555 1774 2591 Gr.

249 2611 301 2643 III
328 2621 360 2652 p.
385 2612 451 2643 410
477 2610 582 2652 not.),
609 2610 799 2643 Nicolaum
825 2611 892 2644 hoc
918 2611 997 2644 loeo
1016 2613 1240 2654 Dionysiana
1259 2612 1305 2644 ad
1323 2613 1471 2644 uerbum
1497 2613 1534 2644 in
1552 2612 1664 2645 libros
1690 2622 1775 2645 suos

250 2667 494 2706 transtulisse,
523 2667 639 2699 Fabio
666 2671 762 2700 certe
789 2678 859 2699 non
885 2672 942 2700 est
966 2678 1062 2701 usus.

338 2722 364 2762 3)
399 2723 625 2765 Quamquam
659 2734 730 2755 non
763 2724 908 2766 ignoro,
942 2724 1036 2766 apud
1067 2725 1222 2756 Fabium
1253 2724 1350 2757 filiae
1381 2725 1550 2767 precibus
1586 2727 1774 2758 exoratum

249 2779 427 2810 Amulium
454 2779 603 2811 Siluiam
630 2790 700 2811 non
727 2780 855 2821 occidi,
885 2780 947 2812 sed
973 2781 1106 2812 uinciri
1132 2781 1298 2822 iussisse,
1325 2781 1420 2823 apud
1451 2780 1667 2814 Strabonem
1692 2791 1772 2823 pro-

250 2839 331 2875 pter
363 2836 510 2867 fratrem
544 2836 725 2868 Amulium
760 2831 1020 2878 (χαριζόμενος
1056 2829 1226 2879 ἀδελφῷ)
1259 2836 1395 2869 Siluiae
1431 2838 1534 2869 uitae
1564 2837 1773 2879 pepercisse

252 2900 341 2922 eum.
391 2891 458 2922 hoc
486 2895 607 2923 tamen
635 2892 826 2925 Strabonis
852 2892 964 2925 errori
991 2893 1101 2925 tribui
1127 2896 1259 2935 potest.
