1884 3213
242 211 447 242 cnxxxw
605 201 669 233 DE
696 199 1004 233 sefflr'ronvm
1033 200 1160 233 vrris
1187 200 1249 232 ΕΤ
1276 199 1495 234 Scaurus

244 314 418 367 hitari¹)‚
452 328 580 366 neque
614 328 719 353 nunc
751 316 963 366 quisquam
986 315 1212 363 argumenti
1245 327 1334 353 eum
1358 314 1541 354 historici
1573 316 1696 355 tuisse
1728 321 1766 355 et.

241 384 394 422 Tiberii
426 384 561 422 fratris
593 396 657 421 res
687 384 740 422 ita
773 395 819 421 eo
851 394 936 421 esse
969 386 1173 421 enarratas
1196 382 1340 427 uideri,
1373 388 1415 421 ut
1446 396 1466 421 a
1498 385 1621 423 fratre
1651 386 1764 436 pien-

241 453 393 490 tissimo
425 450 612 490 omnihus
634 449 874 490 criminibus
906 449 1099 489 liberatae
1121 449 1436 496 celebrarentur,
1471 464 1549 490 non
1572 452 1766 492 concedet

240 519 476 558 Mcrcklinio
510 517 572 568 (de
604 519 723 558 Corn.
758 519 930 557 Gracclz.
963 519 1103 557 matris
1133 520 1219 557 uita
1251 523 1326 557 ete.
1360 531 1398 570 p.
1431 516 1514 571 36).

353 598 595 650 Pomponius
629 610 744 641 uero,
787 597 832 635 ad
865 609 981 649 quem
1014 597 1053 635 C.
1088 597 1293 636 Gracchus
1325 598 1430 637 hunc
1462 597 1665 644 libellum,
1698 600 1764 651 qui

242 666 343 705 haud
377 667 429 704 ita
461 665 614 717 amplus
647 665 806 704 uidetur
845 666 989 709 fuisse,
1030 666 1159 709 misit,
1194 670 1280 704 erat
1313 678 1433 717 eques
1467 666 1533 704 ille
1564 666 1765 706 Romanus

242 734 351 772 <velt
376 734 409 772 II
441 731 479 778 6,
502 730 541 785 G)
575 735 804 784 amicusque
838 737 1039 784 spectatae
1072 738 1109 771 et
1142 733 1371 785 exploratae
1404 733 1507 777 fidei,
1540 735 1608 785 qui
1640 747 1765 787 usque

240 802 286 840 ad
326 807 493 840 mortem
534 802 673 841 Gaiiun
713 802 911 840 artissima
949 801 1155 852 amplexus
1193 806 1252 839 est
1292 803 1482 840 amicitia.
1546 814 1632 840 nam
1675 815 1763 841 eum

240 882 329 908 cum
369 882 508 908 manus
546 869 625 908 sihi
663 869 910 908 adserentem
949 868 997 907 ab
1037 869 1110 907 hoe
1151 869 1320 907 consilio
1360 875 1588 908 reuoeasset
1626 874 1684 915 et,
1724 875 1765 909 ut

241 940 330 987 tuga
362 938 529 976 salutem
560 943 728 989 peteret,
761 938 1046 989 persuasisset,
1080 949 1249 987 corpore
1281 950 1354 975 suo
1387 939 1519 987 sugam
1551 942 1765 988 protegens

241 1011 279 1043 vt
311 1007 537 1045 ini-nentem
570 1005 743 1044 hostium
774 1018 935 1044 manum
967 1017 1110 1044 arcens
1145 1005 1191 1043 ad
1223 1009 1379 1056 portam
1413 1006 1666 1055 trigeminam
1699 1018 1763 1044 oc-

240 1073 345 1111 cisus
376 1071 487 1125 est.²)

353 1154 537 1192 Ceterum
570 1166 663 1192 casu
696 1153 854 1197 accidit,
892 1157 931 1190 ut
954 1152 1134 1191 Valerius
1164 1152 1357 1191 Maximus
1390 1150 1475 1202 (llll
1496 1150 1536 1203 4)
1570 1165 1617 1191 ex
1648 1152 1762 1191 Pom-

241 1222 350 1271 ponii
383 1221 591 1260 cuiusdam
621 1221 710 1260 Ruti
742 1220 1003 1259 collectorum
1041 1219 1159 1259 libris
1190 1220 1530 1259 narratiunculam
1563 1220 1671 1259 illam
1703 1222 1762 1259 in-

239 1295 404 1333 sereret,
437 1302 510 1341 qua
535 1289 718 1328 Cornelia
749 1293 953 1327 matronae
985 1288 1044 1327 illi
1066 1288 1287 1340 Campanae
1310 1287 1460 1326 liberos
1482 1293 1525 1327 ut
1547 1300 1615 1327 sua
1648 1300 1761 1327 orna-

239 1362 369 1395 menta
402 1357 600 1408 producit.
644 1358 776 1408 itaque
799 1357 888 1395 fieri
919 1369 999 1394 non
1030 1361 1173 1407 potest,
1205 1357 1301 1407 quin
1334 1357 1510 1407 suspicio
1541 1360 1762 1401 moueatur,

239 1424 343 1463 hune
375 1425 521 1464 Rufum
553 1426 726 1464 amicum
767 1424 879 1463 illum
919 1425 1042 1463 fuisse
1075 1424 1114 1462 C.
1151 1423 1321 1463 Gracchi
1356 1421 1528 1473 (llaackh
1562 1424 1600 1462 in
1635 1425 1764 1474 Pauly

237 1492 497 1544 Bectlencylcl.
549 1493 579 1530 V
628 1506 666 1544 p.
716 1489 868 1543 1876),
931 1492 1106 1543 aliasque
1157 1493 1411 1530 coniecturas
1457 1491 1669 1531 adnectere
1720 1493 1762 1530 in

239 1566 421 1612 promptu
465 1566 542 1605 est,
582 1559 649 1599 sed
690 1572 832 1599 uereor
880 1573 927 1599 ne
968 1560 1042 1598 hoc
1082 1559 1258 1597 ludibrio
1298 1561 1481 1598 l'ortunae
1524 1560 1563 1597 in
1604 1571 1763 1598 errores

238 1628 503 1678 pelliciaumr.

350 1707 429 1745 Iam
464 1720 560 1745 uero
583 1707 800 1758 qimcritur,
836 1719 927 1745 num
961 1708 1079 1745 etiam
1102 1706 1191 1745 aliis
1221 1698 1326 1745 uitae
1347 1705 1503 1744 Tiberii
1535 1706 1633 1745 loeis
1655 1706 1761 1745 hunc

240 1773 420 1812 libellum
462 1776 501 1812 in
542 1787 653 1813 usum
694 1787 807 1812 suum
848 1775 1018 1813 uerterit
1058 1774 1309 1812 Plutarchus.
1372 1786 1512 1812 uerum
1550 1779 1681 1813 tamen
1721 1776 1760 1812 in

239 1848 342 1880 tanta
377 1843 696 1880 testimoniormn
731 1843 863 1893 inopia
897 1842 993 1880 lmec
1025 1843 1205 1893 quaestio
1247 1843 1311 1880 uix
1345 1854 1529 1893 umquam
1562 1842 1608 1880 ad
1641 1842 1759 1893 liqui-

238 1909 328 1947 dum
362 1910 615 1960 perducetur,
648 1922 882 1961 quamquam
907 1922 979 1960 ego
1002 1910 1162 1961 quidem
1184 1914 1290 1947 totus
1323 1910 1473 1948 inclino
1496 1909 1540 1947 ad
1565 1909 1759 1948 Nitzschii

237 1979 473 2016 siniti-atiani
508 1975 596 2025 (Βία
627 1978 837 2015 Graeclam
871 1991 906 2029 p.
940 1975 1085 2029 455³),
1129 1990 1218 2016 eum
1252 1991 1271 2015 a
1304 1977 1517 2016 Plutarcho
1555 1989 1634 2015 non
1673 1988 1758 2015 esse

330 2157 352 2198 ¹)
380 2158 537 2190 Nimiam
563 2159 634 2189 uim
662 2158 790 2189 tribuit
816 2159 853 2191 1‘.
881 2157 1040 2189 Bochme
1067 2156 1141 2197 <zur
1168 2158 1362 2189 Gexvln‘vlzte
1389 2158 1450 2188 der
1478 2156 1652 2189 Grucelzen
1679 2168 1712 2198 p,
1738 2158 1757 2187 4

235 2214 303 2255 sq.)
333 2214 605 2256 discrepantiae
632 2213 786 2252 cuidam,
815 2223 906 2255 quae
933 2214 1030 2245 inter
1049 2214 1238 2245 (¹iceronis
1264 2218 1299 2245 et
1319 2214 1509 2245 Plutarchi
1527 2213 1759 2245 narrationes

235 2270 443 2302 intercedit.
492 2271 638 2302 Vtinam
667 2270 854 2301 Plutarchi
881 2269 1015 2302 leuitas
1041 2272 1078 2301 et
1102 2270 1341 2311 neglegentia
1368 2281 1406 2301 se
1432 2273 1505 2301 tam
1530 2269 1676 2301 leuibus
1701 2279 1757 2301 re-

234 2326 300 2358 bus
326 2327 589 2359 continuisset!

325 2392 352 2434 2)
379 2394 482 2426 llaec
509 2394 603 2425 enim
630 2397 731 2425 recte
758 2393 875 2426 Valer.
901 2394 998 2426 Max.
1023 2393 1097 2424 1111
1116 2394 1146 2433 7,
1166 2394 1184 2424 2
1211 2395 1248 2424 et
1273 2393 1394 2425 Aurei.
1414 2393 1510 2425 Viet.
1539 2393 1582 2425 de
1608 2392 1676 2424 uir.
1704 2392 1757 2426 ill.

234 2452 287 2488 (35,
315 2452 334 2482 5
359 2449 609 2492 prodiderunt.
642 2449 808 2482 Velleius
835 2450 869 2481 II
895 2450 926 2486 6,
953 2450 973 2479 (5
999 2449 1095 2480 falso
1122 2449 1289 2480 confudit
1315 2449 1503 2491 Pomponii
1530 2452 1566 2481 et
1591 2449 1757 2481 Laetorii

235 2510 380 2547 mortes,
406 2517 554 2548 quorum
581 2508 735 2547 uterque
768 2506 803 2536 in
841 2505 952 2537 simili
989 2507 1122 2536 conatu
1156 2505 1271 2536 uitam
1307 2505 1441 2537 amisit.
1490 2504 1586 2547 apud
1610 2505 1756 2536 Plutar-

235 2564 338 2595 chum
359 2567 423 2595 aut
439 2563 557 2605 ipsius
583 2565 647 2594 aut
673 2561 903 2594 librariorum
922 2571 1042 2593 errore
1061 2561 1227 2602 (propter
1242 2561 1422 2601 Liciniae,
1443 2561 1512 2592 Gai
1530 2561 1664 2602 uxoris,
1692 2571 1753 2592 no-

234 2630 315 2651 meu
342 2630 453 2661 saepe
479 2621 795 2659 conmemoratum,
822 2622 862 2649 ut
887 2615 1029 2659 opinor)
1057 2628 1117 2659 pro
1145 2616 1315 2649 Laetorio
1341 2617 1508 2649 Licinius
1534 2617 1756 2649 substitutus

235 2679 292 2708 cst
318 2675 415 2715 (Gai,
443 2675 595 2708 Graech.
624 2676 690 2715 16).
739 2678 813 2706 tum
841 2674 957 2704 minus
984 2673 1163 2705 adcurate
1188 2668 1259 2715 πρὸ
1286 2669 1352 2715 τῆς
1377 2667 1545 2716 γεφύρας
1562 2675 1755 2714 utrumque

235 2735 455 2772 pugnantem
481 2731 701 2764 trucidatum
727 2740 806 2762 esse
841 2730 989 2771 scripsit
1024 2729 1070 2765 (e.
1107 2728 1181 2771 17),
1221 2732 1363 2771 portam
1394 2729 1488 2760 enim
1519 2729 1752 2770 trigeminam

236 2787 396 2828 proxime
423 2791 569 2829 pontem
596 2786 791 2819 sublicium
818 2785 929 2818 fuisse
957 2788 1110 2825 constat,
1136 2786 1174 2817 in
1200 2788 1270 2827 quo
1296 2785 1493 2817 Laetorius
1510 2784 1657 2818 Valerio
1675 2784 1752 2816 Ma-

235 2843 329 2875 ximo
355 2846 391 2875 et
415 2842 562 2876 Aurelio
586 2843 734 2875 Victore
759 2842 918 2876 testibus
944 2841 1063 2883 periit.

325 2910 352 2950 3)
377 2909 600 2952 Argumenta
626 2913 746 2943 tamen
772 2910 851 2942 eius
875 2919 947 2941 non
971 2909 1113 2950 probo..
1144 2909 1218 2941 uid.
1244 2909 1402 2942 Boehme
1426 2908 1448 2941 l.
1474 2919 1502 2942 s.
1527 2919 1559 2950 p.
1584 2909 1614 2940 5.
