1884 3213
621 733 680 802 Q.
724 732 1061 790 LVTATIVS
1104 731 1408 789 GATVLVS

362 883 406 929 Q.
439 882 596 920 Lutatio
629 881 765 920 Catulo
796 887 908 933 pater
948 882 1023 920 suit
1062 880 1232 926 Quintus
1273 878 1327 929 (C.
1360 879 1389 917 I.
1423 879 1466 918 L.
1498 880 1728 919 Mommsen.
1761 880 1777 919 I

248 963 286 989 11.
318 947 399 989 591
433 955 471 988 et
501 946 584 988 592
614 962 651 1000 p.
688 946 802 999 170),
836 954 962 987 mater
994 948 1147 999 Popilia
1181 946 1276 997 (Cic.
1311 947 1358 985 de
1390 952 1489 986 orat.
1521 947 1556 986 II
1591 946 1661 992 11,
1693 945 1776 999 44),

248 1029 345 1068 gens
377 1017 534 1069 plebeia
572 1017 641 1055 sed
674 1016 823 1056 familia
864 1028 1016 1054 summa
1050 1014 1145 1065 (Cic.
1179 1027 1251 1066 pro
1283 1014 1416 1054 Plane.
1448 1012 1495 1059 5,
1531 1012 1609 1067 12).
1671 1015 1778 1061 Quos

248 1087 418 1136 gesserit
449 1085 704 1135 magistratus
743 1088 834 1122 aute
873 1083 1145 1127 consulatum,
1187 1095 1266 1122 non
1304 1089 1363 1121 est
1394 1084 1611 1121 memoriae
1643 1083 1777 1134 prodi-

248 1158 345 1192 tum.
399 1152 648 1191 consulatum
678 1163 775 1190 uero
806 1157 868 1190 ter
899 1151 1049 1190 frustra
1080 1152 1244 1202 petiuit,
1277 1151 1452 1202 primum
1485 1163 1518 1188 a.
1556 1148 1647 1188 107.
1680 1147 1776 1196 647,

249 1233 326 1272 quo
358 1220 541 1271 repulsus
574 1224 633 1258 est
664 1232 684 1257 a
716 1219 756 1257 C.
788 1219 909 1257 Atilio
942 1218 1134 1264 Serrano,
1175 1218 1318 1258 deinde
1358 1231 1391 1257 a.
1434 1215 1525 1256 106.
1558 1215 1660 1262 648,
1700 1230 1777 1269 quo

249 1301 269 1327 a
302 1288 370 1327 Cn.
404 1288 556 1332 Mallio,
596 1292 679 1326 tum
710 1299 743 1325 a.
780 1283 872 1325 105.
905 1284 1007 1331 649,
1049 1300 1126 1338 quo
1166 1299 1185 1325 a
1218 1287 1259 1326 C.
1291 1286 1429 1325 Flauio
1460 1284 1638 1324 Fimbria
1681 1283 1775 1335 (Cic.

249 1369 320 1408 pro
351 1356 504 1394 Muren.
541 1354 605 1400 17,
638 1352 704 1394 36.
738 1367 809 1405 pro
842 1354 976 1393 Plane.
1008 1352 1056 1399 5,
1092 1351 1170 1407 12).
1213 1354 1383 1406 denique
1415 1354 1584 1404 contigit
1615 1355 1650 1392 ei
1684 1365 1777 1391 con-

248 1423 400 1462 sulatus
438 1424 531 1462 anni
574 1420 666 1461 102.
699 1419 782 1461 652
821 1428 858 1461 et
890 1422 929 1461 C.
962 1422 1113 1460 Marius
1151 1421 1329 1472 conlega.
1391 1422 1536 1460 missus
1575 1433 1673 1459 uero
1713 1420 1777 1459 hie

249 1497 309 1530 est
340 1493 379 1530 iu
414 1491 581 1530 Galliam
612 1495 750 1529 contra
781 1490 1001 1534 Teutonos,
1045 1489 1207 1529 Catulus
1247 1490 1287 1527 in
1321 1489 1486 1528 Galliam
1526 1488 1776 1539 cisalpinam,

248 1564 292 1597 ut
324 1558 506 1597 Cimbros
538 1557 586 1596 ab
618 1558 731 1596 Italia
764 1562 931 1596 arceret.
974 1570 1091 1609 quam
1123 1556 1172 1595 ob
1204 1569 1289 1595 rem
1322 1556 1479 1595 obsedit
1500 1556 1658 1608 Alpium
1692 1556 1777 1594 fau-

251 1639 336 1671 ces,
377 1639 477 1677 quae
517 1638 587 1676 per
627 1626 838 1664 Brixentes
883 1624 930 1663 ad
968 1625 1146 1663 Athesim
1185 1623 1390 1669 serebant,
1437 1625 1505 1664 sed
1546 1637 1566 1663 a
1605 1623 1778 1663 Cimbris

250 1692 473 1745 repulsus¹)
514 1694 644 1744 primo
684 1692 840 1732 Athesis
879 1694 1091 1732 transitum
1131 1692 1346 1731 defendere
1386 1690 1624 1737 conabatur,
1664 1692 1779 1730 cuius

251 1761 405 1800 tutandi
437 1773 554 1800 causa
586 1761 626 1799 in
658 1765 825 1811 utraque
858 1761 943 1811 ripa
964 1759 1124 1799 castella
1157 1765 1355 1811 posuerat.
1400 1761 1484 1810 ipse
1515 1772 1605 1797 cum
1627 1760 1778 1797 maiore

251 1830 451 1868 exercitus
481 1833 593 1881 parte
622 1829 662 1866 in
694 1828 830 1866 dextra
852 1829 1028 1866 lluminis
1059 1829 1145 1878 ripa
1178 1832 1307 1866 eastra
1338 1826 1522 1866 hahebat.
1565 1839 1643 1865 una
1674 1826 1777 1876 legio

253 1896 366 1946 (Pliu.
400 1895 507 1934 XXII
541 1893 603 1947 11)
647 1896 832 1934 sinistrae
873 1896 982 1945 ripae
1023 1895 1233 1933 castellum
1274 1894 1489 1933 tutabatur.
1552 1906 1642 1933 cum
1680 1906 1778 1933 uero

252 1963 402 2003 Cimbri
443 1963 632 2001 arborum
673 1964 826 2001 truncis
864 1975 982 2013 supra
1025 1964 1064 2001 in
1104 1964 1249 2001 llmnen
1288 1963 1465 2001 inmissis
1509 1963 1661 2012 pontis,
1708 1962 1778 2013 qui

253 2031 417 2070 castella
450 2030 660 2081 iungebat,
701 2029 876 2069 sublicas
908 2028 1195 2069 labefactarent
1226 2041 1518 2081 corporumque
1556 2028 1703 2068 robora
1740 2034 1778 2067 et

252 2100 515 2151 proceritates
553 2103 819 2142 ostentarent,
859 2100 925 2148 qui
966 2103 1080 2137 eraut
1122 2099 1160 2136 in
1200 2097 1419 2137 maioribus
1458 2097 1601 2136 castris
1630 2096 1778 2135 milites

251 2167 442 2210 Romani,
476 2167 619 2205 animis
650 2165 914 2205 conciderunt
943 2170 1058 2217 atque
1090 2167 1130 2204 in
1162 2166 1295 2216 fugam
1327 2178 1368 2204 se
1390 2165 1775 2217 praecipitauerunt,

253 2234 421 2273 ducente
452 2234 588 2272 Catulo
622 2235 882 2284 imperatore,
915 2234 983 2285 qui
1015 2245 1105 2271 eum
1137 2234 1284 2272 frustra
1316 2238 1359 2272 ut
1389 2237 1596 2271 manerent
1626 2231 1776 2270 milites

253 2301 482 2339 adhortatus
514 2306 636 2345 esset,
674 2314 722 2339 ne
755 2301 876 2339 ell'use
908 2300 1046 2350 fugere
1077 2301 1245 2339 Romani
1277 2301 1532 2344 uiderentur,
1568 2300 1652 2350 ipse
1685 2311 1774 2338 cum

253 2368 395 2419 aquilis
427 2368 687 2407 antecedebat
718 2368 901 2419 Padoque
933 2369 1101 2406 traiecto
1136 2368 1315 2419 Galliam,
1348 2380 1447 2420 quae
1480 2372 1588 2405 trans
1622 2366 1775 2405 Padum

254 2441 355 2479 erat,
389 2435 510 2474 Gallis
542 2436 771 2474 uastandam
803 2435 1027 2486 dereliquit.
1090 2449 1135 2473 eo
1167 2437 1311 2474 fortius
1343 2441 1472 2474 tamen
1506 2434 1629 2474 altera
1661 2446 1774 2472 exer-

253 2505 356 2542 citus
388 2516 498 2554 pars,
541 2516 639 2554 quae
673 2504 711 2541 iu
744 2504 906 2541 sinistra
937 2503 1092 2541 Athesis
1124 2504 1209 2554 ripa
1242 2503 1399 2542 deserta
1431 2508 1538 2548 erat,
1582 2514 1622 2540 se
1654 2502 1776 2551 gessit

345 2660 371 2701 ¹)
399 2662 501 2693 Haec
527 2661 620 2692 enim
647 2659 799 2691 tradidit
822 2659 952 2690 Liuius
979 2669 1053 2700 per.
1079 2659 1235 2692 LXVIII
1261 2659 1322 2701 (cf.
1350 2659 1516 2692 Frontin.
1543 2661 1605 2691 str.
1630 2659 1647 2690 Ι
1672 2659 1703 2699 5,
1727 2658 1774 2699 3),

255 2717 311 2749 cui
338 2717 431 2749 malo
457 2716 562 2748 fidem
586 2716 720 2747 habere
747 2725 853 2757 quam
880 2714 1075 2747 Plutarcho
1101 2717 1190 2750 Mar.
1217 2717 1277 2756 23,
1310 2716 1371 2757 qui
1397 2725 1463 2747 sua.
1489 2717 1618 2756 sponte
1644 2723 1689 2745 ne
1715 2724 1776 2745 co-

255 2773 393 2813 piarum
420 2773 518 2804 uires
545 2772 788 2814 dispergeret,
819 2781 863 2802 ex
887 2770 1032 2812 Alpium
1063 2770 1231 2803 faucibus
1257 2771 1424 2803 Catulum
1455 2770 1660 2802 decessisse
1686 2770 1774 2802 seri-

254 2829 337 2870 psit.
365 2828 411 2861 cf.
438 2827 476 2860 C.
504 2828 614 2859 Peter
638 2828 672 2860 11.
699 2829 741 2860 R.
768 2828 804 2859 11
830 2837 861 2868 p.
886 2827 940 2858 65.
989 2825 1134 2859 uidetur
1164 2827 1230 2859 hoc
1255 2826 1406 2859 Catulus
1431 2827 1510 2869 ipse
1537 2827 1573 2857 in
1599 2827 1679 2858 uita
1704 2835 1772 2858 sua

256 2884 448 2915 memoriae
476 2883 681 2918 mandasse.
