1884 3213
622 187 908 221 SCRIBONIVS
935 186 1048 219 LIBO
1421 193 1598 225 CCCLXV

192 303 434 356 Quznnquznn
467 309 598 343 autem
632 303 736 341 hunc-
769 301 960 340 Libonem
996 303 1123 352 ipsum
1158 302 1195 339 in
1229 300 1374 340 litteris
1406 305 1605 339 uersatum

76 384 160 411 esse
194 385 269 411 non
303 378 362 411 est
395 371 600 416 traditum,
636 376 789 413 tamen,
831 371 861 407 si
896 383 940 407 ex
975 370 1112 407 amicis
1144 369 1236 407 lieet
1267 368 1523 413 min-ludere,
1557 368 1604 407 ab

75 442 133 478 eis
164 453 239 478 non
274 440 433 478 uidetur
465 439 615 477 alienus
649 439 785 476 fuisse.
847 438 1035 475 nimirum
1078 436 1263 475 utebatur
1303 437 1368 475 ille
1401 437 1602 475 sanniliuri-

76 513 153 545 tate
186 507 235 545 Μ.
268 507 380 545 Marii
416 508 509 557 (Cic.
544 506 590 544 ad
623 507 714 543 l'ain.
751 504 814 542 Vll
836 503 896 551 4).
931 505 1103 542 hominis
1134 504 1410 542 humanissimi
1443 511 1481 542 et
1512 505 1603 542 ‹loc-

76 576 215 613 tissimi
258 574 392 623 (Orelii
434 586 563 612 onom.
597 586 633 624 p.
667 570 762 610 387.
811 571 961 609 Teuffel
1000 573 1259 620 Iz'ealemylrl.
1302 571 1370 610 1111
1411 585 1445 623 p.
1485 569 1603 623 1565)

75 649 113 680 et
153 649 235 680 arta
276 643 495 680 litterarum
536 642 724 679 societate
765 641 998 677 coniunctus
1038 645 1123 677 erat
1161 651 1250 677 cum
1290 641 1374 690 ipso
1415 641 1604 678 Cicerone

76 717 113 748 et
145 723 233 749 euin
257 710 452 753 Varrone,
486 710 552 759 qui
583 719 843 759 quaefflinque
875 706 1078 744 scribebat
1109 719 1198 744 cum
1230 719 1276 744 eo
1307 708 1604 745 communicasse

77 779 234 816 uidetur
266 784 380 828 utque
415 778 531 814 etiam
564 775 689 813 libros
720 774 908 825 quosdam
950 773 996 812 ad
1037 786 1125 812 eum
1162 775 1271 812 misit
1304 772 1400 823 (Cic.
1433 774 1479 813 ad
1513 775 1602 813 sam.

76 846 143 883 Vll
174 843 212 883 4.
247 845 354 883 acad.
392 849 490 895 post.
514 843 530 881 Ι
556 841 589 886 1,
613 841 651 881 3.
686 841 933 880 Mac1·ol›.lll
959 839 1022 886 18,
1045 840 1097 893 3).
1141 855 1161 879 a
1194 841 1260 880 tali
1292 843 1415 891 igitur
1448 842 1606 879 homine

77 913 229 952 annalis
260 910 540 951 conscribendi
573 909 780 948 eonsilium
803 909 1021 947 abhorrere
1055 911 1120 947 uix
1150 911 1357 960 qnisquam
1381 909 1606 947 contendet.

75 982 142 1019 sed
175 982 292 1019 etiam
315 981 438 1024 ratio,
472 991 546 1029 qua
570 978 708 1017 Cicero
731 989 819 1015 eum
845 982 982 1015 testem
1007 978 1161 1021 citauit,
1194 978 1433 1028 scriptorem
1456 978 1604 1026 signiti-

75 1061 164 1086 eure
189 1048 283 1086 mihi
309 1047 478 1093 uidetur,
503 1047 570 1096 qui
594 1047 752 1095 utrique
772 1050 810 1082 et
834 1046 907 1095 ipsi
931 1046 1119 1093 otlAttico
1138 1044 1237 1083 bene
1262 1051 1378 1083 notus
1399 1046 1461 1089 sit,
1486 1057 1605 1095 quem

76 1130 95 1154 a
129 1116 319 1155 Cicerone
353 1126 474 1165 usque
505 1113 551 1152 ad
582 1113 618 1151 id
651 1118 807 1163 tempus
837 1113 1008 1150 nondum
1039 1125 1124 1151 esse
1156 1115 1401 1151 nominatum
1432 1114 1604 1151 maximo

75 1196 194 1234 opere
227 1184 477 1225 miraremur,
511 1182 587 1219 nisi
618 1180 736 1230 liber,
769 1192 886 1231 quein
920 1181 1036 1217 etiam
1069 1181 1107 1218 in
1133 1182 1249 1231 epist.
1272 1178 1328 1218 44
1358 1193 1391 1219 a.
1420 1178 1488 1219 45.
1524 1177 1606 1219 709

76 1263 210 1290 seeum
241 1263 325 1288 esse
357 1249 515 1293 scribit,
549 1248 662 1299 paulo
684 1253 773 1286 ante
797 1249 835 1285 in
860 1260 997 1285 manus
1019 1249 1055 1285 ei
1084 1250 1205 1286 uenit.
1252 1248 1422 1299 denique
1446 1250 1605 1298 aptissi-

76 1331 182 1357 mum
206 1318 309 1356 hunc
332 1316 522 1355 Libonem
546 1316 681 1354 Cottae
704 1316 926 1366 Cascaeque
944 1314 1273 1366 Pon‘lpeianoruin
1292 1317 1485 1359 societati,
1510 1328 1605 1366 quo-

76 1399 162 1425 rum
184 1386 298 1424 libris
320 1384 496 1435 legendis
520 1389 600 1422 tum
633 1383 748 1422 simul
779 1395 938 1434 operam
970 1383 1087 1421 dabat
1117 1384 1276 1427 Cicero,
1309 1384 1406 1420 scite
1429 1383 1604 1421 animad-

76 1455 198 1492 uertit
215 1453 333 1492 Hertz
355 1466 393 1504 p.
418 1450 479 1490 15.
506 1451 577 1490 Hic
596 1456 725 1489 tamen
748 1452 810 1489 uir
833 1450 970 1488 doctus
992 1452 1109 1490 etiam
1133 1452 1295 1489 tertium
1318 1450 1446 1488 locum
1463 1450 1605 1488 Liboni

78 1522 283 1561 uindicare
307 1525 468 1559 conatus
490 1525 562 1557 est.
596 1524 655 1557 est
677 1519 842 1569 Appiani
864 1518 902 1556 l».
927 1531 959 1556 ο.
984 1517 1034 1556 ΙΙΙ
1058 1516 1130 1556 77;
1162 1518 1230 1569 Τῷ
1253 1513 1292 1556 δ’
1318 1512 1437 1570 αὐτῷ
1460 1515 1606 1570 χρόνῳ

77 1588 182 1640 περί
227 1601 274 1627 τε
314 1587 491 1638 Συρίαν
538 1583 611 1625 καὶ
658 1584 949 1624 Μακεδονίαν
993 1583 1142 1624 τοιάδε
1188 1583 1401 1636 ε’γίγνετο.
1471 1584 1607 1631 Γάιος

77 1656 252 1708 Καῖσαρ
291 1651 362 1694 ὅτε
396 1654 573 1706 Συρίαν
613 1641 825 1704 διώδευε,
872 1651 996 1700 τέλος
1034 1651 1084 1692 ε’ν
1124 1645 1237 1704 αὐτῇ
1279 1653 1605 1703 καταλελοίπει,

81 1720 132 1762 τὰ
166 1721 210 1769 ἐς
241 1721 537 1775 Παρθυαίους
567 1716 652 1773 ἤδη
685 1720 1023 1771 διανοούμενος.
1085 1719 1250 1759 τούτου
1287 1716 1369 1772 τὴν
1399 1718 1481 1773 μἐν
1514 1719 1604 1760 ε’πι-

77 1789 257 1843 μέλειαν
281 1790 512 1835 Καικίλιος
536 1787 708 1835 Βάσσος
740 1784 848 1838 εἶχε,
881 1785 930 1827 τὸ
961 1786 1012 1842 δε,
1032 1784 1198 1840 άξίωμα
1225 1781 1407 1835 Ἰούλιος
1429 1786 1605 1838 Σέξτος,

78 1856 311 1910 μειράκιον
342 1853 483 1896 αὐτοῦ
515 1857 741 1907 Καίσαρος
771 1854 1005 1908 συγγενές,
1039 1852 1148 1907 ὅπερ
1182 1853 1530 1908 ἐκδιαιτώμενον
1562 1853 1608 1902 ἐς

78 1921 257 1977 τρυφὴν
286 1921 335 1964 τὸ
366 1923 488 1971 τέλος
518 1919 780 1976 άσχημόνως
812 1921 1000 1976 ἐπήγετο
1032 1924 1274 1975 πανταχοῦ.
1335 1922 1605 1976 μεμψαμένῳ

80 1991 128 2033 δὲ
159 1994 219 2046 τῷ
245 1991 403 2045 Βάσσῳ
426 1989 531 2031 ποτὲ
564 1989 795 2043 ἐνύβρισε·
831 1990 904 2030 καὶ
936 1991 1087 2030 καλῶ-ν
1110 1988 1248 2031 αὐτὸν
1272 1987 1475 2044 ὕστερον,
1511 1987 1606 2030 ἐπεὶ

78 2058 274 2113 βραδέως
303 2056 585 2111 ὑπήκουσεν,
625 2055 751 2110 ἄγειν
783 2056 1018 2097 ἐκέλευσεν
1050 2056 1273 2107 ἕλκοντας.
1318 2058 1526 2111 θορύβου
1557 2056 1605 2096 δὲ

79 2126 152 2167 καὶ
190 2128 374 2179 πληγῶν
412 2124 690 2179 γενομένων,
730 2122 756 2178 ἡ
797 2123 980 2178 στρατια
1017 2123 1099 2179 τήν
1136 2123 1273 2178 ὕβριν
1312 2123 1365 2165 ού
1404 2125 1605 2178 φέρουσα

77 2193 157 2235 τὸν
183 2191 375 2235 Ἰούλιον
406 2193 711 2246 κατηκόντισε.
772 2192 845 2232 καὶ
885 2188 1023 2240 εὐθὺς
1060 2185 1117 2246 ἦν
1155 2192 1366 2246 μετάνοια
1406 2191 1478 2232 καὶ
1510 2191 1607 2238 δέος

81 2261 130 2302 ἐκ
161 2263 241 2301 τοῦ
272 2261 509 2313 Καίσαρος.
560 2260 893 2314 συνομόσαντες
923 2254 1031 2313 οὖν,
1065 2261 1105 2301 εἰ
1131 2259 1191 2314 μή
1222 2275 1286 2308 τις
1318 2257 1468 2308 αὐτοῖς
1500 2270 1603 2311 συγ-

82 2327 234 2381 γνώμη
268 2325 341 2368 καὶ
372 2329 516 2375 πίστις
535 2327 730 2380 γένοιτο,
762 2327 889 2381 μέχρι
917 2327 1122 2368 θανάτου
1145 2328 1500 2380 διαγωνιεῖσθαι,
1533 2327 1606 2366 καὶ

84 2396 128 2443 ἐς
166 2393 275 2436 αὐτὸ
313 2394 495 2435 Βάσσον
532 2392 887 2448 ἀναγκάσαντες,
934 2393 1042 2436 ἄλλο
1083 2395 1327 2444 συνέλεξαν
1364 2395 1488 2442 τέλος
1533 2392 1605 2433 καὶ

83 2463 448 2516 συνεγύμνασαν,
491 2454 578 2502 ὦδε
607 2461 689 2515 μέν
710 2473 798 2503 τισι
824 2460 926 2516 περὶ
955 2464 1033 2503 τοῦ
1054 2461 1237 2503 Βάσσου
1259 2463 1402 2513 δοκεῖ,
1435 2463 1606 2513 Λίβωνι

83 2527 122 2571 δ’
158 2529 223 2572 ὅτι
253 2533 331 2583 τῆς
351 2529 593 2582 Πομπηίου
624 2530 831 2581 στρατιᾶς
860 2528 1101 2583 γενόμενος
1131 2530 1205 2572 καὶ
1227 2526 1335 2584 μετα
1356 2526 1439 2582 τήν
1468 2521 1606 2580 ἧτταν

84 2597 328 2639 ἰδιωτεύων
360 2596 410 2637 ε’ν
439 2595 586 2650 Τύρῳ,
620 2596 854 2649 διέφθειρέ
872 2612 995 2645 τινας
1024 2600 1105 2638 τοῦ
1127 2596 1297 2649 τέλους,
1331 2595 1404 2636 καὶ
1435 2593 1605 2647 διεχρή-

83 2677 217 2706 σαντο
248 2663 326 2706 τὸν
360 2664 550 2716 Σέξτον,
584 2664 657 2704 καὶ
687 2665 746 2717 τῷ
779 2663 940 2719 Βάσσῳ
972 2667 1089 2718 σφᾶς
1122 2665 1412 2717 ἐνεχείρισαν.
1462 2664 1603 2708 Quare,

83 2747 171 2773 oum
194 2748 257 2773 res
285 2735 480 2786 pertineat
501 2734 547 2772 ad
571 2746 603 2772 a.
626 2731 694 2771 46.
718 2730 799 2771 608
822 2734 1036 2783 (Drumann
1058 2734 1090 2771 ΙΙ
1112 2747 1147 2784 p.
1175 2731 1268 2771 126.
1291 2732 1341 2770 111
1362 2730 1470 2782 554),
1504 2731 1604 2770 nihil

83 2803 254 2853 inpedit,
296 2804 507 2853 quominus
538 2813 620 2839 eain
654 2806 986 2840 conmemoratam
1018 2813 1104 2839 esse
1136 2812 1366 2838 censeamus
1403 2812 1422 2838 a
1454 2799 1603 2838 Libone

84 2871 151 2910 illo
181 2870 374 2920 (Haackh,
407 2870 666 2919 Bealencylcl.
692 2868 737 2907 VI
766 2880 804 2919 p.
827 2865 944 2922 882),
977 2871 1090 2908 cuius
1122 2868 1214 2907 libri
1246 2869 1470 2920 insequenti
1502 2880 1603 2907 anno
