1884 3213
198 1281 220 1312 h

234 141 315 182 262
854 137 1155 178 RELLIQVIAE

235 255 392 293 abesset
430 252 657 293 excusabat.
719 265 836 304 quam
876 254 1174 292 excusationem
1213 266 1303 293 011111
1342 253 1515 299 tribuni,
1555 254 1623 305 qui
1656 253 1759 292 diem

235 323 437 367 dixerant,
484 334 562 360 11011
603 322 834 372 acciperent
873 325 911 358 et
949 320 996 358 ab
1037 321 1175 360 eadem
1211 321 1401 373 superbia
1433 334 1511 360 11011
1543 322 1683 359 11011110
1715 320 1761 359 ad

237 403 395 429 causam
428 389 639 428 dicendam
670 393 907 438 arguerent,
948 401 1022 439 qua
1056 389 1249 428 iudicium
1282 394 1320 427 et
1350 389 1533 428 tribunos
1565 388 1694 440 plebis
1725 394 1763 427 et

238 459 465 497 contionem
506 456 754 508 reliquisset,
795 460 834 494 et
873 455 1020 506 quibus
1059 458 1121 495 ius
1159 459 1380 496 sententiae
1420 457 1467 495 de
1499 469 1540 495 se
1573 455 1764 495 dicendae

238 532 277 564 et
323 525 551 564 libertatem
598 524 828 567 ademisset,
876 523 938 562 his
984 526 1215 569 comitatus,
1262 524 1374 564 uelut
1414 530 1550 576 captos
1588 524 1763 568 trahens,
1789 534 1805 560 5

239 593 486 644 triumphum
520 592 567 630 de
599 591 747 643 populo
769 591 947 630 Romano
980 593 1139 642 egisset,
1173 594 1520 644 secessionemque
1547 605 1598 631 -eo
1630 592 1693 631 (110
1726 593 1767 631 111

241 661 481 712 Capitolium
513 673 534 698 a
567 658 741 698 tribunis
772 658 905 709 plebis
937 660 1099 698 fecisset
1129 683 1185 687 —
1216 660 1390 699 ‘habetis
1412 671 1506 710 ergo
1530 661 1768 699 temeritatis

241 729 350 767 illius
375 727 617 767 mercedem.
664 740 742 778 quo
775 726 874 765 duce
907 732 945 765 et
976 732 1138 766 auctore
1170 740 1242 766 nos
1273 728 1507 779 reliquistis,
1541 727 1589 766 ab
1622 741 1668 765 00
1692 728 1768 779 ipsi

242 797 373 835 relicti
406 797 513 840 estis,
549 801 587 834 et
618 800 771 834 tantum
805 796 1031 833 animorum
1063 796 1104 833 in
1137 794 1222 834 dies
1255 795 1371 834 nobis
1404 795 1614 839 decrescit,
1649 800 1692 834 ut
1722 795 1769 833 ad

241 877 359 915 quem
398 869 487 902 ante
527 875 651 902 annos
689 861 978 914 septemdecim
1025 864 1246 901 exercitum
1289 869 1326 902 et
1357 863 1524 902 classem
1556 863 1769 902 habentem
1796 883 1826 908 10

243 931 428 971 tribunos
468 930 599 983 plebis
630 930 878 980 aedilemque
910 931 1070 969 mittere
1102 932 1143 968 in
1175 930 1355 969 Siciliam
1387 932 1473 969 ausi
1505 943 1662 975 sumus,
1702 932 1770 982 qui

244 999 485 1051 prenderent
518 1011 609 1038 eum
641 1004 677 1037 et
700 998 863 1036 Romam
896 996 1149 1042 reducerent,
1183 998 1230 1036 ad
1262 1011 1353 1037 eum
1382 1000 1585 1049 priuatum
1607 1011 1653 1037 ex
1678 998 1772 1037 uilla

244 1081 312 1107 sua
359 1066 647 1106 extrahendum
694 1065 741 1104 ad
781 1078 940 1104 causam
978 1065 1187 1104 dicendam
1224 1067 1383 1105 mittere
1423 1079 1503 1105 non
1540 1066 1770 1105 audeamus’

243 1159 299 1162 —
330 1134 484 1174 tribuni
527 1133 657 1185 plebis
703 1133 890 1184 adpellati
930 1133 979 1172 ab
1010 1133 1052 1172 L.
1086 1133 1274 1185 Scipione
1313 1136 1366 1173 ita
1405 1134 1693 1179 decreuerunt,
1740 1135 1773 1172 si

245 1203 376 1242 morbi
408 1215 525 1242 causa
557 1207 830 1245 excusaretur,
865 1200 944 1239 sibi
966 1200 1125 1251 placere
1148 1203 1274 1253 accipi
1299 1214 1384 1241 eam
1407 1214 1566 1241 causam
1588 1201 1773 1252 diemque
1799 1221 1830 1247 15

247 1271 478 1321 a‘collegis
523 1269 693 1321 prodici.
765 1268 953 1307 tribunus
1001 1268 1131 1320 plebis
1170 1281 1216 1307 eo
1263 1274 1441 1321 tempore
1487 1270 1545 1308 Ti.
1587 1269 1773 1320 Sempro-

246 1340 336 1377 nius
359 1337 561 1377 Gracchus
584 1342 682 1381 erat,
718 1338 782 1375 cui
805 1337 1043 1375 inimicitiae
1068 1348 1158 1374 cum
1179 1336 1222 1375 P.
1246 1336 1434 1388 Scipione
1457 1336 1773 1376 intercedebant.

248 1408 280 1444 is
320 1418 409 1445 cum
442 1407 637 1444 uetuisset
669 1400 819 1443 nomen‘
849 1417 965 1443 suum
998 1404 1159 1442 decreto
1192 1404 1436 1455 collegarum
1467 1404 1664 1449 adscribi,
1704 1406 1774 1443 tri-

247 1475 493 1523 stioremque
526 1485 664 1511 omnes
696 1473 935 1510 sententiam
967 1477 1265 1522 exspectarent,
1299 1473 1352 1511 ita
1385 1472 1577 1517 decreuit,
1610 1484 1701 1511 cum
1732 1471 1774 1510 L.

250 1541 385 1592 Scipio
418 1546 647 1580 excusasset
678 1539 863 1578 morbum
896 1552 981 1578 esse
1015 1552 1157 1578 causae
1189 1541 1317 1584 fratri,
1350 1542 1446 1579 satis
1469 1540 1507 1579 id
1529 1539 1609 1579 sibi
1630 1540 1774 1579 uideri.
1801 1562 1834 1586 20

250 1622 290 1647 se
322 1609 364 1647 P.
399 1609 651 1659 Scipionem,
685 1610 917 1659 priusquam
949 1607 1114 1646 Romam
1145 1608 1333 1652 redisset,
1368 1610 1547 1647 accusari
1579 1620 1657 1646 non
1688 1620 1775 1658 pas-

251 1689 402 1715 surum.
446 1682 529 1715 tum
561 1688 732 1727 quoque,
766 1678 799 1714 si
831 1688 871 1714 se
905 1676 1088 1726 adpellet,
1123 1675 1270 1713 auxilio
1304 1677 1341 1714 ei
1372 1676 1568 1719 futurum,
1601 1687 1651 1714 ne
1685 1687 1776 1713 cau-

251 1758 332 1783 sam
365 1744 483 1783 dicat.
517 1744 564 1783 ad
597 1743 635 1782 id
668 1745 871 1794 fastigium
905 1742 1026 1781 rebus
1049 1745 1183 1793 gestis,
1217 1742 1436 1782 honoribus
1458 1743 1777 1794 populiRomani

253 1813 292 1850 l’.
326 1812 555 1861 Scipionem
588 1811 753 1849 deorum
786 1812 1071 1861 hominumque
1104 1823 1303 1849 consensu
1336 1812 1587 1862 peruenisse,
1629 1815 1673 1849 ut
1703 1809 1777 1848 sub

252 1881 395 1917 rostris
441 1891 554 1917 reum
599 1885 703 1918 stare
751 1885 789 1917 et
836 1878 1030 1929 praebere
1071 1890 1188 1917 aures
1229 1878 1544 1917 adolescentium
1583 1879 1778 1916 conuiciis
1803 1897 1836 1923 25

256 1946 401 1998 populo
441 1946 618 1985 Romano
664 1948 789 1996 magis
830 1946 1007 1983 deforme
1047 1958 1162 1996 quam
1206 1948 1281 1996 ipsi
1313 1948 1374 1984 sit.
1439 1943 1485 1995 (e.
1518 1943 1601 1992 53.)
1635 1945 1781 1983 adiecit

253 2015 414 2053 decreto
448 2013 780 2063 indignationem:
823 2012 932 2050 ‘Sub
965 2012 1134 2063 pedibus
1168 2013 1313 2050 uestris
1345 2012 1476 2057 stabit,
1510 2012 1676 2056 tribuni,
1710 2011 1778 2049 (10-

344 2149 461 2180 h—k.
505 2149 537 2180 A
558 2148 710 2180 Graccho
735 2148 833 2179 etiam
853 2147 1052 2185 Africanum
1077 2146 1250 2186 defensum
1275 2156 1348 2178 esse
1373 2148 1511 2188 scripsit
1533 2147 1594 2178 Dio
1623 2146 1688 2186 (fr.
1707 2143 1779 2184 65),

257 2195 384 2225 Liuium
408 2199 552 2225 secutus.
596 2194 662 2225 uid.
691 2195 789 2224 etiam
814 2193 914 2224 Dion.
944 2192 992 2231 fr.
1020 2192 1075 2224 63.
1125 2192 1249 2223 Altera
1277 2192 1372 2232 fama
1396 2192 1480 2223 llaec
1508 2191 1653 2224 Gracchi
1675 2192 1779 2223 inter-

255 2241 373 2278 cessio,
399 2240 430 2270 si
454 2240 584 2281 quidem
607 2239 703 2278 fac-lu
729 2242 790 2278 ese,
816 2249 880 2270 7107!
907 2248 979 2269 esse
1004 2241 1251 2268 conmemorant
1276 2238 1420 2269 uidetur.

371 2377 407 2413 6.
440 2376 482 2411 de
514 2376 575 2411 Po.
611 2377 768 2411 Romano
802 2376 900 2423 Moy.
963 2374 1087 2422 populi
1119 2373 1264 2410 Romani
1298 2379 1363 2411 aut
1394 2373 1432 2411 P.
1465 2374 1504 2409 R.
1535 2375 1626 2410 libri
1654 2384 1733 2409 rec.

342 2433 581 2468 secessionem
621 2444 662 2467 00
703 2432 759 2467 (110
799 2434 859 2468 uel
898 2431 1140 2466 secessionem
1180 2430 1310 2466 Romae
1358 2442 1400 2466 eo
1440 2430 1495 2466 (110
1536 2432 1597 2466 uel
1635 2440 1782 2465 conces-

256 2491 393 2525 sionem
426 2488 550 2524 eodem
582 2488 638 2523 die
668 2490 758 2524 libri
786 2499 866 2524 rec.
984 2488 1018 2523 9.
1056 2492 1094 2521 ut
1125 2488 1290 2522 additum
1321 2496 1372 2523 eac
1402 2487 1517 2535 Moy„
1550 2489 1588 2522 in
1618 2486 1680 2522 lib.
1703 2496 1781 2521 rec.

257 2558 324 2582 om.
472 2547 508 2581 0,
543 2545 605 2581 10.
648 2544 688 2578 ad
730 2555 835 2591 quem
881 2548 982 2579 antea
1022 2544 1215 2579 exercitum
1254 2543 1344 2579 libri
1379 2554 1457 2579 rec.
1606 2542 1668 2579 10.
1701 2548 1783 2577 ante

257 2613 369 2637 annos
411 2600 611 2648 quindecim
651 2601 821 2646 Moyunt.
881 2605 963 2635 ante
1004 2599 1102 2634 annis
1141 2598 1396 2647 septemdecim
1427 2600 1545 2635 Aldus
1604 2604 1685 2633 ante
1723 2609 1783 2632 an-

259 2670 322 2693 nos
354 2656 608 2704 septemdecim
642 2657 798 2693 Creuer.
832 2668 918 2692 nam
950 2666 1049 2703 quae
1082 2666 1145 2691 res
1172 2656 1404 2691 obuersatur
1435 2657 1617 2699 tribunis,
1657 2655 1783 2689 incidit

259 2717 293 2749 in
329 2727 362 2748 α.
397 2712 489 2749 204.
525 2712 618 2750 550.
652 2725 702 2748 an
735 2724 848 2749 error
886 2717 941 2747 esc
971 2712 1071 2748 Liuii
1107 2722 1174 2747 seu
1218 2712 1386 2747 Valerii!
1505 2712 1566 2746 ll.
1601 2709 1783 2745 tribunum

260 2770 428 2817 Moyunl.
467 2775 505 2804 a!
538 2770 589 2815 ‘'f-
625 2770 706 2805 Lm.
747 2769 818 2814 2⁴1),
859 2767 912 2804 20
1082 2768 1146 2803 20.
1187 2774 1392 2803 excusasset
1441 2768 1608 2815 Moyunl.
1678 2776 1783 2801 excu-

259 2831 310 2860 set
346 2828 446 2872 uuly.
