1884 3213
267 623 343 707 Q.
387 622 586 677 FABII
630 622 900 678 MAXIMI
943 623 1351 681 SERVILIANI
1394 624 1718 681 ANNALES

803 757 890 799 EX
929 757 1131 799 LIBRO
1170 758 1190 799 Ι

348 858 389 900 l.
420 860 539 900 Seru.
563 862 619 900 acl
643 863 762 910 Ver—gs.
783 863 880 900 Aen.
903 862 930 900 I
946 860 972 901 3
1003 862 1232 913 Lauinaque
1266 864 1375 901 uenit
1399 862 1576 915 litt01·a]:
1609 863 1757 902 Lauro-

232 929 428 967 lauinium
461 934 617 968 constat
649 934 738 968 octo
772 929 937 969 milibus
969 943 989 968 a
1021 932 1123 969 mari
1153 935 1364 969 remotum.
1388 954 1443 958 —
1474 931 1587 970 Litus
1609 930 1759 970 dicitur

233 1002 342 1036 terra
374 1010 554 1048 quaeque
585 999 687 1036 mari
720 999 867 1037 uicina.
899 1021 955 1025 —
984 998 1132 1037 Fabius
1154 999 1349 1037 Maximus
1373 998 1577 1037 annalium
1606 1000 1756 1050 primo:

231 1065 331 1103 Tum
362 1066 514 1104 Aeneas
546 1077 663 1115 aegro
696 1065 925 1116 patiebatur
957 1067 998 1104 iu
1030 1079 1120 1104 oum
1154 1066 1365 1105 deuenisse
1406 1078 1565 1116 agrum,
1606 1079 1757 1105 macer—

233 1134 378 1171 rimum
410 1133 828 1185 litorosissimumque.

512 1303 832 1350 INOERTAE
871 1302 1046 1350 SEDIS
1083 1303 1479 1351 FRAGMENTA

345 1413 389 1455 2.
429 1416 565 1455 Scleol.
607 1418 753 1456 Veron.
786 1418 844 1455 ad
879 1419 997 1466 Verq.
1030 1430 1169 1467 qeory.
1202 1418 1275 1455 III
1304 1415 1325 1455 7
1355 1430 1396 1466 p.
1431 1399 1484 1455 79
1516 1418 1606 1455 Keil
1647 1448 1653 1454 .
1680 1447 1687 1454 .

234 1515 448 1522 .......
483 1484 753 1530 Seruilianus,
797 1485 1057 1524 historiarum
1097 1485 1273 1524 scribtor
1306 1515 1314 1522 .
1340 1516 1347 1522 .
1373 1515 1380 1522 .
1407 1515 1415 1522 .
1441 1514 1448 1521 .
1475 1514 1483 1522 .
1508 1515 1516 1522 .
1542 1515 1550 1522 .
1576 1516 1583 1522 .
1611 1515 1618 1522 .
1645 1515 1652 1523 .
1679 1515 1686 1522 .
1714 1515 1722 1522 .
1748 1515 1756 1522 .

321 1617 358 1651 1.
386 1620 463 1651 Cum
488 1620 669 1652 Harlessz‘o
693 1631 729 1662 p.
756 1622 777 1653 3
800 1631 851 1663 sq.
877 1621 960 1652 haee
983 1622 1157 1673 pertinere
1178 1631 1297 1652 censeo
1324 1621 1370 1652 ud
1393 1620 1532 1651 eandem
1556 1630 1636 1658 rem,
1663 1631 1759 1662 qnam

234 1666 374 1705 Dionys.
401 1665 423 1696 I
447 1666 489 1696 56
514 1666 563 1696 ila
588 1670 725 1697 ηιιιιαί
759 1664 824 1698 καὶ
850 1660 873 1708 ἡ
899 1663 1008 1715 μὲν(
999 1663 1075 1718 (ῦς)
1098 1660 1199 1708 ἄμφι
1226 1662 1313 1704 τούς
1340 1664 1459 1698 εἴκοσι
1485 1663 1550 1698 καὶ
1578 1662 1758 1719 τέτταρας

232 1709 414 1747 σταδίους
446 1704 522 1742 ἀπὸ
554 1704 753 1761 θαλάττης
785 1708 999 1744 ὃιελθουσα
1033 1707 1153 1753 λόφον
1187 1721 1273 1743 τινα
1309 1708 1624 1763 προσανατρέχει,
1659 1707 1758 1743 ἔνθα

233 1749 307 1786 ὑπὸ
345 1749 519 1795 καμάτου
556 1750 788 1798 μοχθήσασα
825 1754 1043 1796 καθέζεται.
1100 1754 1152 1807 τῷ
1183 1753 1226 1789 δὲ
1259 1753 1395 1811 Αἰνείᾳ
1428 1774 1472 1778 -
1509 1752 1673 1798 ὁρῶντι
1709 1751 1758 1788 τὰ

233 1798 401 1850 χωρίον
428 1799 513 1850 (quo
529 1806 652 1841 postea
676 1803 828 1833 condidit
852 1802 1044 1856 Lauinium)
1070 1792 1151 1844 γῆς
1176 1812 1222 1834 τε
1248 1796 1329 1834 οὐκ
1356 1797 1404 1833 έν
1430 1800 1551 1845 καλῷ
1576 1799 1654 1833 καὶ
1678 1801 1758 1834 θα-

233 1839 417 1893 λάττης
431 1839 578 1887 πρόσω
610 1856 675 1877 και
707 1840 800 1879 οὐδε
833 1843 973 1897 ταύτης
1005 1842 1284 1898 ἐνορμίσασθαι
1315 1841 1470 1899 ἀγαθῆς
1502 1836 1623 1897 πολλὴ
1648 1845 1758 1888 παρί-

233 1899 367 1922 σταται
394 1883 607 1932 ἀμηχανία,
626 1884 777 1942 πότερα
810 1902 880 1934 χρη
907 1903 956 1923 τω
981 1887 1166 1934 θεσφάτῳ
1199 1889 1459 1944 πειθομένους
1485 1885 1605 1924 αὐτοῦ
1630 1901 1758 1924 κατοι-

233 1937 334 1969 κεῖν
368 1931 467 1967 ἔνθα
494 1931 664 1988 λυπηρὸν
696 1933 815 1974 εἰςαεὶ
851 1929 941 1978 βίον
973 1937 1175 1989 τρίψουσιν
1207 1931 1368 1974 ουὸενὸς
1399 1935 1562 1979 χρηστοῦ
1588 1930 1758 1969 ἀπολαυ-

233 1990 340 2018 οντες
365 1973 389 2021 ἢ
414 1978 637 2022 προσωτέρω
662 1979 854 2032 χωρητέον
879 1978 942 2014 ἐπὶ
974 1982 1044 2032 γῆς
1060 1976 1283 2034 agist'vovqs·
1308 1977 1533 2033 μα’στευσιν·
1566 1979 1687 2013 ταῦτα
1714 1977 1757 2014 δε

233 2021 343 2076 αὐτῷ
377 2023 642 2079 διανοουμένῳ
679 2024 744 2058 καὶ
782 2021 870 2064 τούς
901 2022 1022 2064 θεοὺς
1054 2023 1178 2069 ε”χοντι
1210 2022 1266 2059 δι’
1299 2024 1427 2064 αἰτίας
1459 2038 1569 2068 αφνω
1606 2022 1758 2069 λέγεται

234 2066 345 2120 φωνή
376 2082 432 2108 τις
458 2065 500 2103 ἐκ
515 2069 592 2123 τῆς
624 2067 757 2122 νάπης
780 2066 958 2123 ἀφανοῦς
988 2066 1098 2110 ὄντος
1130 2070 1195 2104 τοῦ
1230 2069 1503 2125 φθεγγομένου
1527 2073 1759 2122 προσπεσεῖν

233 2110 442 2148 κελεύουσα
476 2113 606 2166 μένειν
638 2127 677 2148 τε
709 2111 852 2149 αυτόθι
888 2115 953 2149 καὶ
989 2115 1214 2157 πολίζεσθαι
1237 2113 1312 2171 ὃι,α
1344 2113 1491 2169 ταχέων
1527 2115 1594 2149 καὶ
1611 2111 1674 2168 μή
1706 2115 1756 2160 τῷ

233 2156 361 2215 (Ξπόρω
387 2159 454 2204 τῆς
478 2155 671 2214 παρούσης
698 2158 814 2211 δόξης
839 2156 1111 2213 ἐπιτρέψαντα,
1140 2159 1175 2196 εἰ
1198 2158 1248 2204 μὴ
1276 2156 1316 2194 ἐν
1342 2156 1483 2214 εὐβότῳ
1501 2161 1555 2204 γῇ
1580 2158 1646 2194 τὸν
1671 2150 1757 2212 βίον

234 2196 441 2247 ἱδρύσεται,
459 2203 530 2249 τὴν
555 2201 765 2258 μέλλουσάν
790 2217 830 2239 τε
852 2205 917 2239 καὶ
937 2203 1025 2239 όσον
1043 2201 1153 2261 ,οὔπω
1164 2205 1375 2260 παροῦσαν
1401 2202 1585 2256 εὐτυχίαν
1602 2200 1756 2239 οἷπώσα-

234 2252 339 2284 σθαι.
389 2254 489 2284 εὶναι
513 2263 591 2302 γαρ
612 2245 724 2302 αὐτῷ
750 2249 1004 2307 πεπρωμένον
1035 2247 1075 2285 ἐκ
1101 2263 1240 2305 ταυτης
1265 2247 1487 2303 ὁρμώμενον
1518 2263 1585 2294 της
1611 2250 1757 2300 λυπρᾶς

233 2295 299 2347 καὶ
326 2291 457 2349 ὀλίγης
481 2291 522 2329 τὸ
548 2295 695 2338 πρῶτον
720 2292 902 2339 οἰκήσεως
932 2293 1078 2339 πολλὴν
1103 2295 1169 2330 καὶ
1193 2294 1351 2340 οἷγαθὴν
1377 2291 1660 2340 ἐπικτήσασθαι
1685 2307 1757 2339 γην

234 2336 303 2374 σὺν
334 2340 466 2384 χρόνῳ.
518 2353 624 2384 neque
659 2343 743 2374 enim
777 2343 884 2383 probo
924 2354 1009 2385 quae
1042 2344 1094 2375 Du
1125 2343 1208 2375 Rieu
1239 2355 1272 2384 p.
1298 2345 1362 2375 396
1394 2348 1514 2375 eontra
1545 2343 1757 2374 Ηαιῐεεείιιηι

233 2391 351 2424 monet,
377 2388 630 2429 iutelleqendum
655 2398 729 2419 esse
754 2389 847 2429 apud
878 2388 898 2418 Ι
891 2388 1014 2419 'alnam
1045 2390 1148 2420 Iocum
1173 2390 1259 2420 mari
1285 2389 1475 2429 prooeimnm
1499 2393 1599 2430 atque
1624 2389 1658 2419 in
1681 2388 1756 2429 ipso

233 2433 346 2464 lictore
370 2433 477 2464 sitnm.
527 2434 631 2464 (lis-lac
663 2434 747 2464 enim
772 2434 951 2464 Lauinium
975 2433 1140 2474 Dionysio
1174 2439 1258 2466 teste
1294 2435 1413 2475 uiyinti
1443 2437 1605 2475 quattuor
1635 2433 1757 2464 stadiis

234 2488 255 2508 a
278 2479 365 2509 mari
388 2483 488 2520 utque
513 2483 636 2509 natura
659 2479 727 2510 loc-i
751 2479 850 2509 etiam
875 2489 961 2510 nune
985 2480 1130 2510 litor—osa
1155 2484 1216 2512 est.

350 2588 392 2629 1.
425 2593 490 2630 Ex
526 2594 695 2630 leilmzis
724 2594 832 2630 libris
862 2595 967 2629 solus
999 2593 1247 2630 Cassellanus
1278 2594 1442 2631 exhibet.

348 2644 391 2685 2.
422 2650 604 2686 Lacunas
633 2653 686 2686 ica
718 2651 889 2696 expleuit
910 2650 1076 2686 Harless
1100 2662 1138 2697 p.
1161 2650 1234 2685 42:
1269 2647 1455 2699 [Pelopem
1487 2655 1603 2685 autem
1626 2648 1753 2686 Fabius

236 2702 422 2754 Maximus]
458 2706 675 2742 Seruilianus
713 2706 942 2742 historiarum
989 2708 1146 2754 scriptor
1187 2702 1302 2755 [quod
1349 2706 1544 2742 eburneum
1594 2717 1754 2742 umerum

237 2758 440 2810 hal›]uerit‚
479 2762 652 2798 eburnum
691 2762 905 2810 appellatum
948 2762 1103 2799 tradidit.
1164 2759 1378 2812 Minerua[m
1419 2763 1510 2798 enim
1541 2763 1590 2798 ait
1619 2773 1752 2797 nouum

235 2816 284 2851 illi
323 2815 503 2867 umerum]
546 2830 587 2854 ex
625 2819 732 2855 ebore
766 2815 913 2868 [secisse
951 2830 1031 2855 cum
1071 2815 1124 2868 di]
1158 2824 1275 2855 cetera
1307 2819 1462 2855 membra
1500 2823 1752 2866 reparassent3

237 2883 357 2920 neque
389 2879 514 2910 tranen
545 2876 591 2911 cle
621 2876 791 2912 omnibus
821 2875 911 2911 milti
935 2878 1141 2922 persuasit.
