1884 3213
703 179 963 213 PROCILIVS
1398 189 1597 220 CCCLXIll

188 294 312 345 Atque
352 293 390 331 hi
434 294 592 345 quidem
635 299 726 333 sunt
765 294 860 339 loci,
902 293 1047 345 quibus
1087 296 1176 333 eius
1212 294 1406 333 librorum
1453 296 1602 333 mentio

74 363 176 402 sacta
208 363 281 406 sit,
321 361 468 413 quibus
507 366 548 400 ut.
579 362 699 406 alios,
741 361 811 400 ubi
851 363 936 400 eius
968 367 1076 401 certa
1116 364 1284 413 uestigia
1318 362 1602 413 deprehendis-

75 442 176 474 sem,
209 429 464 479 adiungeren]
497 442 573 467 non
607 430 793 479 contigit,
827 429 892 468 sed
926 431 1057 468 faeere
1090 441 1165 468 non
1198 442 1378 480 possum,
1412 431 1506 481 quin
1539 443 1602 468 ca-

75 497 161 535 dem
195 496 258 535 issa
291 501 418 535 aetate
450 498 567 535 etiam
600 498 640 535 in
672 510 714 534 re
746 496 905 548 publiea
928 498 1141 536 Provilium
1174 497 1369 548 quendam
1402 502 1603 536 uersatum

76 577 160 603 esse
193 563 353 608 addam,
386 576 523 615 quein,
557 577 644 602 cuin
677 564 837 603 Procilii
862 577 1004 603 nomen
1036 570 1115 603 tan]
1136 577 1268 603 rarum
1295 566 1428 609 suerit,
1461 570 1504 604 ut
1524 565 1602 603 Ma-

77 633 212 671 nutius
243 631 402 683 quidem
433 631 642 670 Prociliain
672 631 859 670 familiam
893 644 937 670 ex
970 632 1209 671 familiarum
1234 632 1500 671 Romanarum
1533 645 1603 671 nu-

77 712 186 738 mero
218 701 378 738 omnino
410 700 540 738 eicere
563 699 703 751 uellet,
737 699 905 737 eundem
937 700 1058 738 fuisse
1091 712 1179 737 cum
1210 701 1403 749 scriptore
1428 700 1495 738 illo
1527 713 1604 738 non

78 767 267 807 abhorret
298 779 317 804 a
350 768 435 805 ueri
458 766 730 805 similitudine.
774 768 807 806 is
839 768 945 806 enim
976 768 1051 806 suit
1084 766 1268 805 tribunus
1299 767 1349 818 pl.
1376 780 1409 806 a.
1432 764 1499 806 56.
1523 766 1604 806 698

79 847 167 873 cun]
200 835 240 873 C.
275 834 420 873 Catone
452 839 491 872 et
520 834 644 873 Nonio
677 834 883 879 Sufenate,
926 837 1012 886 qui,
1054 839 1097 873 ut
1127 834 1340 885 Pompeius
1372 840 1411 873 et
1442 835 1606 874 Crassus

79 902 322 941 consulatum
361 902 698 953 adipiscerentur,
740 902 858 941 multa
901 914 972 954 per
1011 904 1089 940 uin]
1128 903 1323 947 fecerant,
1373 915 1419 941 ex
1461 903 1606 954 quibus

79 972 197 1010 tertio
229 982 330 1009 anno
362 975 468 1022 post,
510 982 598 1009 Cum
639 983 681 1009 ea
722 970 768 1009 de
801 982 916 1008 causa
948 968 1135 1021 postulati
1168 975 1319 1014 essent,
1360 969 1528 1008 Sufenas
1568 975 1607 1007 el.

79 1040 172 1079 Cato
213 1043 303 1077 sunt
334 1037 526 1083 absoluti,
567 1036 761 1077 Procilius
800 1038 1096 1076 condemnatus.
1159 1042 1414 1076 accusauerat
1444 1037 1485 1075 P.
1520 1038 1605 1077 Clo-

80 1108 187 1151 dius,
222 1107 333 1145 cuius
365 1107 539 1144 animum
573 1105 772 1144 offendere
796 1105 934 1143 Cicero
965 1106 1119 1144 ueritus
1149 1105 1250 1143 [iliae
1273 1104 1413 1144 morbo
1436 1105 1605 1156 quodam

80 1178 283 1226 praetexto
316 1185 383 1211 reo
405 1173 531 1212 defuit
562 1185 729 1225 euinque
760 1172 1052 1211 defendendum
1085 1173 1249 1223 reliquit
1270 1172 1480 1211 Hortensio
1512 1171 1604 1223 (Cic.

81 1243 125 1280 ad
158 1242 236 1280 Att.
260 1240 330 1279 1111
356 1238 419 1284 15,
451 1238 489 1284 4,
523 1240 571 1278 os.
596 1240 796 1279 Drumann
830 1240 862 1278 ΙΙ
884 1252 920 1290 p.
945 1237 1038 1279 334.
1071 1239 1121 1278 ΙΙΙ
1144 1254 1180 1291 p.
1204 1237 1257 1278 99
1281 1238 1365 1291 sq.).
1399 1244 1605 1290 praeterea

82 1310 246 1348 Forsitan
286 1307 462 1347 eiusdem
502 1320 644 1346 nomen
684 1309 861 1346 extiterit
899 1309 939 1346 in
980 1308 1096 1346 titulo
1136 1308 1304 1359 quodam
1345 1320 1375 1346 a.
1416 1304 1483 1345 59.
1525 1304 1606 1345 695

83 1377 272 1427 (Momms.
307 1375 346 1413 C.
380 1375 407 1413 Ι.
432 1375 513 1414 L.I
544 1388 580 1414 n.
609 1373 725 1424 729),
760 1380 798 1413 et
832 1377 872 1413 in
905 1387 1023 1413 numo
1056 1375 1223 1426 quodam
1258 1377 1362 1413 inter
1393 1387 1515 1413 annos
1538 1372 1604 1414 74.

81 1442 163 1483 680
193 1448 231 1482 et
261 1440 327 1482 69.
361 1441 442 1483 685
473 1443 629 1482 defosso
662 1441 712 1493 (n.
745 1440 841 1482 455.
877 1455 912 1493 p.
943 1440 1048 1494 138),
1083 1455 1129 1480 ex
1162 1453 1238 1492 quo
1270 1441 1392 1480 Lucio
1425 1443 1459 1480 ei
1493 1454 1605 1492 prae-

82 1524 225 1550 nomen
257 1511 377 1550 fuisse
410 1511 734 1550 intellexerimus.
749 1508 774 1560 ¹)

173 1667 198 1708 ¹)
225 1668 432 1707 Quaestum,
459 1668 547 1707 eius,
576 1677 647 1709 qua
674 1678 705 1701 a.
725 1669 778 1699 61.
806 1668 871 1700 693
899 1678 979 1700 eum
1006 1667 1169 1699 functum
1196 1677 1276 1700 esse
1303 1667 1468 1699 scribunt
1493 1666 1607 1698 Orelli

84 1734 199 1756 onom.
227 1735 259 1765 p.
278 1725 356 1765 497,
384 1724 543 1756 Gerlach
562 1724 826 1756 Geschielztschr.
854 1735 887 1765 p.
906 1725 960 1764 92,
988 1723 1061 1762 alii,
1089 1723 1135 1755 ad
1154 1723 1275 1765 Pighii
1301 1724 1487 1765 ingenium
1512 1724 1606 1755 redit

85 1780 182 1821 (ann.
209 1779 263 1812 III
289 1791 322 1822 p.
348 1779 439 1820 343).
