1884 3213
255 172 520 202 (·(¹Cxxxva
611 163 675 195 DE
704 161 1009 196 sCfflPTOltVM
1036 163 1164 195 vrrls
1190 163 1253 195 ET
1279 163 1499 197 SGRIPTIS

255 278 503 327 grauissima.
545 278 691 316 etenim
725 279 843 316 etiam
877 277 922 322 Q.
955 279 1091 317 Aelitis
1122 277 1280 317 Tubero
1312 276 1374 329 (sr.
1402 277 1441 331 6)
1475 278 1522 317 ‹le
1553 279 1783 319 consulibus

255 347 347 383 anni
377 342 474 384 434.
506 343 590 385 320
621 346 894 386 testimonium
934 345 1131 385 librorum
1168 346 1406 396 linteorum,
1445 352 1561 398 atque
1600 360 1647 385 ex
1678 347 1784 387 Liuii

254 413 411 464 quidem
444 414 630 465 opinione
663 415 899 460 eorundem,
933 414 1146 460 adtulerat,
1185 426 1312 467 neque
1344 427 1433 453 eum
1466 427 1534 454 sua
1568 417 1783 467 sumpsisse

254 495 273 519 a
298 481 426 519 Macro
458 482 549 520 inde
582 485 792 530 euincitur,
826 483 943 535 quod,
977 484 1050 521 etsi
1073 488 1240 535 uterque
1272 482 1397 522 libros
1428 483 1570 522 linteos
1602 489 1785 523 auctores

253 551 468 596 timuerat,
502 555 632 590 tamen
666 551 824 590 diuersa
847 551 1051 590 consulum
1084 552 1240 591 nomina
1271 552 1310 589 in
1333 551 1502 590 eundem
1525 564 1669 590 annum
1700 552 1783 591 edi·

254 618 406 657 «lerant.
467 632 567 670 quae
609 632 698 659 cum
738 621 791 658 ita
838 621 936 664 sint,
982 621 1167 671 quoniam
1215 625 1427 670 utrumque
1473 618 1596 658 libros
1639 620 1784 659 linteos

254 687 485 725 ementitum
526 700 612 725 esse
651 689 717 725 uix
758 688 995 733 contendes,
1040 687 1271 726 liberandus
1316 692 1376 725 est
1412 686 1591 726 Licinius
1635 688 1785 727 fraudis

253 754 358 792 illius
389 757 570 795 crimine.
632 758 752 795 immo
784 756 822 794 hi
854 756 945 795 libri
979 770 1024 795 ex
1058 768 1193 794 eorum
1227 767 1392 794 numero
1424 756 1545 794 ruisse
1577 756 1778 802 uidentur,

254 825 321 874 qui
360 829 447 875 post
485 825 712 863 incendium
755 825 948 864 Gallicum
988 824 1034 862 ad
1076 836 1210 862 rerum
1241 824 1509 863 Romanarum
1549 825 1779 863 memoriam

255 892 541 931 restituendam
572 893 762 944 descripti
795 899 905 938 sunt,
944 898 987 932 ut
1025 894 1091 944 qui
1134 892 1206 931 lios
1246 891 1370 930 libros
1409 903 1676 943 conposuere,
1717 897 1784 931 aut

255 960 406 998 fraudis
438 966 506 999 aut
536 962 684 999 erroris
712 960 965 1000 insimulandi
996 962 1091 1005 sint,
1125 972 1203 998 non
1232 959 1420 998 Licinius.
1470 959 1605 1011 Itaque
1637 959 1784 1011 quibus

255 1028 419 1067 maculis
458 1029 661 1079 ingenium
702 1041 746 1067 ac
785 1034 965 1067 naturam
1002 1028 1145 1066 Licinii
1192 1027 1389 1079 adspersit
1427 1027 1666 1074 Mommsen,
1713 1029 1784 1068 hos

255 1097 412 1149 quidem
453 1096 687 1136 abstersisse
726 1096 843 1135 nobis
882 1095 1080 1140 uidemur,
1121 1096 1335 1135 auctoritas
1374 1100 1504 1134 autem
1544 1097 1649 1141 eius,
1693 1109 1782 1135 cum

255 1166 419 1203 aliorum
453 1166 675 1203 conmentis
707 1176 748 1203 se
781 1164 909 1215 decipi
940 1175 1080 1214 passus
1112 1165 1183 1208 sit,
1223 1165 1262 1202 in
1300 1165 1443 1215 primis
1481 1163 1549 1202 ubi
1589 1175 1636 1203 ex
1666 1163 1783 1203 libris

255 1234 388 1272 linteis
419 1234 649 1272 testimonia
683 1233 847 1283 repetit,
880 1232 1008 1270 leuior
1040 1237 1112 1271 est.

367 1301 531 1339 Minoris
563 1300 665 1339 facio
697 1300 800 1352 quod
832 1300 968 1339 Liuius
1001 1298 1064 1350 (fr.
1099 1297 1184 1352 16),
1216 1305 1475 1352 posteaquam
1507 1313 1540 1339 a.
1572 1297 1669 1340 364.
1701 1297 1785 1340 390

255 1383 274 1408 a
307 1369 346 1407 C.
381 1369 535 1407 Licinio
566 1368 685 1408 Caluo
716 1368 760 1407 T.
796 1368 1002 1415 Quintium
1035 1367 1214 1407 Pennum
1247 1368 1481 1407 dictatorem
1514 1369 1665 1407 dictum
1697 1381 1783 1408 esse

255 1437 470 1475 secundum
503 1436 679 1475 Macrum
719 1437 891 1482 rettulit,
932 1436 1028 1474 baec
1067 1435 1238 1475 addidit:
1288 1436 1476 1483 Quaesita
1514 1448 1561 1475 ea
1589 1438 1784 1487 propriae

249 1505 438 1552 familiae
475 1507 565 1544 laus
601 1507 790 1545 leuiorem
837 1509 1040 1544 auclorem
1080 1505 1280 1544 Licinium
1315 1504 1434 1552 facit.
1504 1506 1693 1544 nimirum
1737 1504 1783 1543 ad

254 1574 355 1611 hanc
385 1573 507 1611 solam
549 1574 762 1612 memoriae
803 1573 1076 1612 diuersitatem
1115 1571 1400 1622 expediendam
1440 1572 1503 1611 illa
1545 1573 1785 1622 excogitauit

255 1641 409 1684 Liuius,
450 1653 579 1692 neque
612 1653 658 1679 ex
691 1643 749 1679 eis
780 1641 964 1692 adparet,
1005 1642 1165 1679 omnino
1198 1645 1361 1692 propter
1392 1640 1465 1679 hoc
1495 1641 1669 1680 familiae
1701 1645 1783 1680 stu·

255 1709 363 1747 dium
395 1707 509 1746 Liuio
540 1708 663 1748 Macri
695 1710 969 1748 auctoritatem
1000 1709 1129 1747 leuem
1161 1709 1287 1747 uisam
1320 1720 1420 1747 csse.
1473 1708 1599 1747 Etiam
1631 1709 1783 1747 minore

256 1777 414 1825 negotio
437 1776 614 1827 Dionysii
637 1776 875 1815 criminibus
907 1789 996 1815 eum
1019 1776 1284 1815 absoluemus.
1327 1778 1362 1815 is
1393 1778 1498 1815 enim
1523 1790 1611 1817 cum
1644 1789 1783 1828 magna

255 1846 316 1883 sui
356 1841 550 1882 acuminis
590 1844 851 1883 admiratione
898 1845 1066 1895 castigat
1111 1856 1198 1883 cum
1244 1845 1386 1884 multos
1431 1847 1668 1898 scriptores,
1716 1847 1783 1897 qui

256 1919 476 1963 temporum
510 1913 675 1951 rationis
708 1925 845 1963 parum
877 1912 1045 1951 studiosi
1077 1913 1268 1963 quaedam
1302 1918 1465 1952 naturae
1495 1915 1679 1965 uitaeque
1710 1913 1782 1952 hu-

256 1993 393 2019 manae
432 1979 587 2029 legibus
626 1982 887 2030 repugnantia
928 1981 1208 2031 exposuerint,
1250 1986 1332 2019 tum
1366 1980 1563 2020 Licinium
1595 1981 1781 2026 Macrum,

256 2049 400 2099 quippe
447 2049 513 2099 qui
554 2048 660 2086 Anco
699 2047 845 2086 Marcio
891 2053 1074 2087 octauum
1115 2060 1258 2086 annum
1300 2055 1489 2098 regnante
1521 2050 1782 2100 Tarquinium
1840 2042 1844 2044 ’

256 2116 435 2154 Priscum
464 2115 626 2153 Romam
659 2115 902 2165 demigrasse
937 2115 997 2165 (fr.
1021 2113 1080 2167 8),
1114 2115 1373 2166 Tarquinium
1398 2115 1620 2168 Superbum
1652 2118 1781 2167 ipsum

255 2185 293 2221 in
325 2195 455 2233 pugna
478 2181 690 2232 Regillensi
723 2195 918 2234 pugnasse
943 2182 1004 2233 (fr.
1032 2181 1079 2221 11
1114 2177 1249 2222 οὐδὲν
1282 2180 1539 2234 ἐξητακότες
1569 2179 1672 2223 οὔτε
1693 2182 1783 2222 τῶν

257 2248 443 2289 εἰκότων
473 2245 577 2289 οὔτε
616 2250 705 2289 τῶν
737 2247 978 2303 δυνατῶν),
1020 2262 1052 2290 a.
1084 2247 1181 2289 492.
1214 2247 1297 2289 262
1329 2250 1534 2302 Syracusis
1572 2258 1781 2303 tyrannum

257 2320 377 2357 luisse
411 2317 639 2368 Dionysium
674 2316 736 2356 (fr.
774 2317 823 2356 12
854 2313 989 2357 οὐδὲν
1022 2314 1278 2368 ἐξητακότες
1307 2317 1397 2357 τῶν
1427 2316 1529 2370 περὶ
1560 2314 1665 2366 τοὺς
1685 2315 1782 2369 χρό-

256 2399 363 2432 νους
401 2381 617 2436 ἀκριβῶς,
659 2380 718 2431 ὥς
756 2380 864 2423 αὐτὸ
897 2382 1028 2436 δηλοῖ
1054 2376 1271 2437 τοῦργον,
1312 2380 1412 2424 ἀλλ’
1445 2384 1542 2438 εἰκῆ
1572 2381 1621 2425 τὸ
1652 2397 1781 2437 προς-

256 2447 391 2504 τυχόν
413 2448 783 2504 ἀποφαινόμενοι]
819 2453 1032 2491 memoriae
1053 2453 1211 2492 tradere
1244 2466 1320 2492 non
1343 2453 1599 2492 dubitauerit.
1642 2466 1687 2491 ex
1720 2453 1782 2492 his

257 2533 352 2559 uero
384 2521 481 2571 ipsis
513 2519 632 2558 rebus
663 2519 709 2557 ad
742 2519 886 2558 Fabios
918 2519 1092 2572 allosqnc
1125 2519 1232 2559 illius
1264 2522 1404 2559 aetatis
1438 2522 1674 2572 scriptores,
1713 2521 1780 2571 qui

257 2588 360 2637 uulgi
395 2587 548 2626 salmias
579 2593 947 2639 repraesentarent,
981 2589 1020 2626 in
1044 2589 1290 2639 antiquitatis
1320 2589 1508 2627 memoria
1542 2587 1780 2639 pertexenda

256 2655 429 2693 Macrum
468 2655 600 2694 redire
647 2655 831 2694 maluisse
879 2656 1154 2705 cognoscimus
1192 2668 1309 2706 quam
1349 2656 1619 2695 recentiorum
1660 2654 1780 2693 artifi-

257 2724 333 2767 ria,
368 2722 513 2774 quibus
543 2723 631 2762 illac
663 2735 727 2761 res
758 2728 931 2761 remotae
964 2728 1096 2767 erant,
1137 2735 1368 2774 recoquere.
1429 2735 1503 2774 qua
1536 2723 1687 2761 ratione
1720 2733 1779 2759 se-

257 2794 422 2839 quentes
460 2795 608 2829 aetates
648 2790 942 2834 inlustraucrit‚
991 2791 1031 2828 in
1079 2794 1183 2829 tanta
1230 2791 1539 2840 fragmentorum
1585 2789 1780 2842 paucitate

258 2862 367 2896 certo
400 2858 572 2896 discerni
603 2856 749 2909 nequit.
