1884 3213
227 209 464 240 Cffixxm
592 199 656 231 DE
683 197 995 232 SCRIPTORVM
1021 197 1151 231 vlTis
1177 196 1240 230 ΕΤ
1267 197 1481 231 seRiPTIS

228 315 363 353 eodmn
398 314 514 357 bello,
549 326 637 351 cum
673 315 776 350 10101·
808 312 1021 351 Romulum
1043 313 1279 364 Tatiumque
1312 314 1351 350 111
1383 314 1469 351 foro
1492 317 1750 363 pugnaretur,

228 384 267 420 in
298 382 480 433 paludem
514 381 621 419 illam
654 380 793 431 pulsus
823 386 938 425 esset,
973 381 1127 431 spreuit
1156 382 1279 430 igitur
1308 378 1482 418 fabulam
1515 380 1623 419 illam
1652 382 1751 419 scite

227 452 512 498 excogitatam,
553 448 602 487 Μ.
636 448 816 487 Curtium
858 449 1043 486 iuuenem
1087 447 1191 487 hello
1224 449 1450 498 egregium,
1491 460 1581 487 eum
1620 449 1751 487 sorum

226 531 346 568 specu
387 523 497 555 uasto
531 518 570 554 in
612 517 833 555 inmensam
872 516 1123 555 altitudinem
1163 515 1393 567 conlapsum
1432 522 1555 561 esset,
1597 522 1634 555 et
1674 529 1751 567 quo

227 586 443 636 plurimum
483 584 655 635 populus
687 584 887 623 Romanus
926 588 1079 635 posset,
1123 583 1161 621 id
1194 583 1252 622 illi
1292 583 1379 622 1000
1412 583 1626 623 dicandum
1666 596 1751 622 esse

227 660 335 691 natvs
369 654 633 696 cecinissent,
669 653 709 690 in
742 653 975 702 uoraginem
1017 651 1121 690 illam
1155 664 1256 703 equo
1289 652 1527 691 insidentem
1559 665 1600 691 se
1633 653 1750 690 inmi-

226 723 339 759 sisse.
402 721 573 771 denique
605 719 795 770 Dionysio
826 725 926 758 teste
960 718 1023 770 (fr.
1049 716 1113 771 15)
1147 720 1254 759 solus
1285 733 1331 758 ex
1364 720 1551 759 omnibus
1582 721 1750 771 scripto-

226 788 352 828 ribus.
386 789 453 839 qui
486 794 574 826 ante
607 800 697 827 eum
729 789 915 833 suerunt,
949 800 1020 839 per
1051 795 1215 826 naturae
1252 788 1360 838 leges
1391 800 1469 826 non
1501 787 1624 827 licere
1657 799 1751 826 con-

226 858 395 907 putauit,
429 862 471 894 ut
502 857 654 894 Arruns
686 862 720 894 01
756 855 903 894 Lucius
932 856 1140 907 Tarquinii
1171 856 1300 895 Prisci
1331 856 1404 895 filii
1435 862 1567 895 essent
1600 853 1679 906 (15)
1714 861 1753 894 01

226 930 390 976 nepotes
422 936 489 962 eos
521 925 644 962 fuisse
678 925 821 975 posuit.

339 992 449 1031 Nunc
485 998 526 1030 ut
559 992 605 1031 ad
646 993 727 1030 son
741 997 814 1031 tes
845 991 991 1043 quilius
1031 1004 1126 1030 usus
1165 993 1215 1030 sit
1246 991 1356 1036 Piso,
1393 1004 1626 1043 pergamus,
1658 991 1749 1030 Dio-

224 1062 359 1111 nysius
394 1058 456 1109 (fr.
490 1057 529 1111 3)
564 1072 653 1098 eum
695 1061 735 1098 111
767 1060 926 1098 Romuli
957 1059 1152 1111 Remique
1192 1059 1314 1098 rebus
1352 1059 1518 1098 Fabium
1551 1059 1749 1098 Pictorem

224 1134 404 1167 50001001
438 1140 525 1166 esse
566 1128 732 1166 rettulit.
795 1127 940 1179 quibus
980 1126 1118 1166 uerbis
1151 1129 1225 1166 0151
1266 1140 1352 1166 eam
1383 1129 1465 1166 uim
1498 1127 1750 1166 tribuendam

223 1210 308 1235 esse
341 1197 408 1234 uix
442 1208 648 1239 censeam,
692 1201 734 1234 ut
766 1197 992 1234 necessario
1024 1195 1115 1234 Piso
1155 1208 1201 1233 ex
1232 1195 1355 1234 Fabio
1394 1196 1489 1235 haec
1522 1196 1749 1246 sumpserit,

223 1270 373 1307 tamen,
419 1264 495 1301 nisi
528 1276 692 1314 prorsus
732 1265 924 1302 mentitus
956 1269 1014 1302 est
1044 1263 1277 1314 Dionysius,
1319 1265 1360 1301 in
1393 1263 1472 1302 illis
1502 1262 1624 1302 rebus
1655 1275 1749 1302 con-

223 1344 381 1370 sensum
416 1331 613 1383 quendam
651 1333 774 1370 fuisse
808 1333 913 1370 inter
943 1331 1110 1370 Fabium
1144 1337 1181 1369 et
1211 1332 1397 1370 Pisonem
1437 1344 1564 1383 neque
1598 1333 1637 1370 in
1671 1331 1750 1370 illis

223 1400 381 1451 quidem
415 1412 434 1438 a
466 1400 609 1438 Pisone
642 1400 850 1450 uulgarem
890 1401 1034 1438 famam
1074 1400 1263 1437 reiectam
1305 1411 1390 1437 esse
1422 1400 1615 1451 sequitur.
1676 1400 1749 1438 ita-

222 1480 296 1518 que
338 1480 437 1519 quae
478 1473 613 1518 postea
652 1467 839 1506 adnexuit
879 1467 1093 1518 Dionysius
1133 1466 1179 1505 de
1219 1466 1387 1505 Romulo
1425 1468 1647 1505 narrationi
1678 1466 1748 1505 Fa-

223 1535 366 1573 bianae
401 1533 447 1585 (e.
482 1532 548 1584 84)
583 1548 626 1573 ex
661 1536 732 1579 eis,
771 1536 837 1586 qui
871 1529 1008 1573 οὐδὲν
1037 1533 1129 1572 τῶν
1159 1530 1516 1585 μυθωδεστέρων
1550 1531 1752 1586 ἱστορικῇ

221 1602 376 1654 γραφῇ
406 1599 651 1653 προσήκειν
683 1608 835 1653 putent,
871 1614 948 1640 11011
971 1602 1128 1641 Pisonis
1151 1602 1216 1641 sed
1251 1602 1351 1640 alius
1383 1603 1589 1641 cuiusdam
1621 1603 1748 1654 scrip-

222 1672 346 1714 torisx
383 1672 450 1721 qui
483 1672 603 1708 etiam
636 1671 760 1720 inagis
794 1671 831 1707 in
866 1669 986 1708 relius
1025 1670 1359 1709 transformamlis
1391 1672 1543 1722 ingenii
1574 1671 1749 1709 acumini

223 1738 454 1782 indulserit,
489 1738 667 1776 ducenda
709 1743 813 1776 sunt.
876 1750 993 1789 quem
1025 1739 1194 1777 eundem
1234 1740 1354 1777 etiam
1393 1739 1482 1777 aliis
1521 1739 1620 1777 locis
1659 1742 1748 1776 ante

224 1806 361 1844 oculos
394 1805 546 1849 habuit,
583 1812 623 1843 ut
655 1805 707 1843 111
738 1803 805 1850 35,
840 1805 909 1844 ubi
943 1806 988 1844 de
1020 1807 1125 1848 ,Tulli
1166 1812 1293 1846 morte
1327 1808 1388 1857 (fr.
1424 1804 1488 1858 13)
1522 1808 1652 1858 primo
1683 1805 1747 1844 Pi-

222 1885 358 1912 sonem
399 1875 659 1924 exscripsisse
701 1873 879 1917 uidetur,
924 1880 1007 1912 tuln
1047 1887 1143 1913 uero
1183 1887 1320 1913 eorum
1362 1876 1504 1913 samam
1551 1879 1747 1918 recenset,

223 1941 441 1979 secundum
475 1953 572 1992 quos
607 1941 671 1979 ille
706 1953 783 1979 11011
816 1941 984 1980 fulmine
1016 1944 1066 1980 sit
1098 1945 1200 1981 ictus
1232 1943 1300 1982 sed
1330 1955 1418 1981 cum
1451 1942 1592 1981 liberis
1624 1943 1746 1980 inter-

222 2009 351 2047 fectus
393 2008 440 2046 ab
482 2010 588 2047 Anco
634 2008 771 2046 Martio
811 2009 1006 2060 domoque
1053 2012 1214 2049 incensa
1259 2023 1395 2049 rumor
1436 2010 1660 2061 dispersus,
1700 2008 1747 2048 (10

223 2076 334 2115 00010
367 2088 456 2115 011111
489 2090 573 2114 0550
607 2082 769 2115 tactum.
817 2082 905 2115 utut
937 2083 1007 2117 051,
1041 2077 1105 2115 liic
1140 2078 1221 2116 illic.
1253 2083 1405 2117 tantum
1437 2079 1601 2129 proprio
1623 2076 1747 2116 Marte

222 2143 312 2182 Piso
346 2145 488 2183 famam
521 2146 697 2188 nouauit,
733 2145 970 2183 lineamenta
1003 2147 1151 2183 ueteris
1190 2147 1431 2184 narrationis
1463 2146 1641 2190 seruauit
1672 2157 1746 2184 nec

222 2224 310 2250 eum
345 2226 363 2250 a
397 2224 506 2250 more
548 2212 613 2250 illo
646 2212 745 2250 alios
777 2218 960 2251 auctores
998 2213 1315 2251 transscribendi
1349 2215 1562 2252 recessisse
1600 2212 1744 2264 proha-

223 2279 303 2317 bile
336 2286 408 2317 est.
454 2279 548 2317 iilud
580 2292 702 2318 unum
726 2282 862 2318 1105010
895 2293 942 2318 an
976 2282 1059 2331 ipse
1083 2282 1202 2319 fastos
1226 2287 1560 2332 numumentaque
1582 2280 1745 2332 publiea

223 2346 379 2390 adierit,
413 2348 445 2383 si
469 2347 626 2397 quidem
652 2347 790 2385 Liuius
824 2348 1037 2386 identidem
1064 2346 1112 2399 [p.
1138 2348 1408 2399 CLXXXXHI)
1442 2350 1744 2399 magistratuum

222 2414 471 2464 quorundam
505 2416 665 2452 nomina
698 2427 741 2453 ex
777 2415 884 2453 illius
917 2417 1165 2466 potissimum
1188 2429 1291 2467 penu
1324 2416 1584 2467 deprompsit.
1626 2415 1745 2467 quid?

221 2482 324 2532 quod
357 2495 404 2519 ne
437 2482 677 2519 Graecorum
711 2482 871 2533 quidem
904 2483 1088 2521 lectionis
1128 2483 1274 2522 indicia
1314 2484 1416 2534 apud
1456 2483 1639 2522 Pisonem
1678 2483 1743 2521 de-

222 2563 306 2586 0550
347 2549 546 2588 uidentur.
609 2562 696 2587 nam
740 2549 872 2587 ltaliae
915 2563 1058 2588 nomeu
1099 2552 1174 2589 iam
1216 2551 1399 2589 Timaeus
1440 2549 1542 2601 (uid.
1576 2550 1743 2592 a(ln..a‹l

222 2618 268 2654 1“1·.
307 2616 364 2660 1),
407 2617 506 2667 apud
540 2629 654 2667 quem
690 2617 791 2654 idem
828 2617 1021 2655 uocabula
1055 2617 1102 2656 ab
1143 2620 1297 2667 origine
1329 2618 1536 2670 repetendi
1569 2618 1742 2657 studium

224 2686 464 2729 immunimus,
499 2697 516 2722 a
551 2697 649 2723 uoce
681 2682 822 2723 ι’ταλοὶ
853 2685 1123 2723 deriuauerat.

333 2752 408 2789 Sed
444 2758 483 2789 ut
516 2758 600 2791 erat
631 2752 721 2791 Piso
754 2754 817 2790 uir
850 2764 943 2791 uere
975 2753 1194 2798 Romanus,
1230 2755 1281 2792 ita
1314 2755 1431 2793 etiam
1465 2755 1551 2792 eius
1582 2753 1742 2792 annales

222 2831 239 2854 a
284 2819 443 2857 01011105
490 2821 656 2858 multum
704 2820 891 2858 uidentur
937 2819 1102 2858 lectitati
1152 2834 1249 2860 esse.
1314 2822 1489 2860 Cicero
1529 2826 1636 2860 certe
1682 2821 1741 2871 (de

222 2891 318 2922 orat.
353 2885 385 2923 ΙΙ
421 2884 483 2927 12,
516 2885 583 2938 51)
617 2900 705 2925 0010
739 2900 826 2925 cuin
860 2887 1016 2925 Pictore
1049 2895 1081 2925 et
1119 2890 1264 2926 (latone
1299 2894 1339 2926 ut
1378 2889 1580 2939 exemplar
1618 2888 1740 2927 111510-
