1884 3213
369 187 412 226 Q.
439 186 571 218 FABII
596 185 822 218 PICTORIS
849 183 1073 217 GRAECAE
1099 183 1365 217 IIISTORIAE
1579 182 1628 222 17

109 297 170 347 εἰς
197 295 280 352 τὴν
310 297 456 338 πόλιν.
519 297 809 352 διερχόμενον
840 295 883 337 δ’
920 293 1056 338 αὐτὸν
1086 294 1163 346 τας
1193 294 1338 344 πύλας
1366 295 1634 348 ταραχωδῶς

109 365 229 406 πάνυ
260 366 333 406 καὶ
364 364 465 419 περὶ
497 367 668 406 πολλοῦ
698 364 972 418 ποιούμενον
1013 364 1171 418 μηδενὶ
1210 365 1392 417 ποιῆσαι
1430 377 1629 416 καταφα-

107 433 182 481 νὲς
210 431 260 474 τὸ
293 433 547 487 φερόμενον
577 434 668 473 τῶν
699 433 918 486 φυλάκων
947 447 1012 480 τις
1042 431 1316 487 καταμαθών
1355 425 1432 486 (ἦν
1469 431 1518 472 δὲ
1549 444 1631 471 πο-

109 502 273 555 λεμίων
306 499 477 555 ἐφόδου
508 500 607 550 δεός
637 500 711 541 καὶ
742 498 818 548 τὰς
847 499 990 548 πύλας
1028 499 1073 540 οἱ
1099 498 1289 552 μάλιστα
1320 498 1632 553 πιστευόμενοι,

77 567 219 621 ὓπρὸς
248 571 328 609 τοῦ
359 569 577 622 βασιλέως
608 567 888 622 ἐφρούρουν)
922 566 1228 620 συλλαμβάνει
1257 582 1304 608 τε
1333 567 1407 608 καὶ
1437 564 1486 608 τὸ
1518 581 1633 620 κρυ-

108 633 220 677 πτὸν
246 633 270 677 ὅ
289 651 331 677 τι
362 634 517 690 δήποτ’
549 628 606 690 ἦν
627 639 905 690 καταμαθεῖν
936 632 1086 687 ἀξιῶν,
1119 632 1424 677 ἀποκαλύπτει
1455 636 1531 689 βία
1552 632 1633 688 τὴν

107 702 366 757 περιβολήν.
427 701 486 752 ὡς
516 703 564 745 δὲ
595 701 676 757 τὴν
707 702 888 757 σκάφην
920 701 1138 744 ἐθεάσατο
1170 702 1243 743 καὶ
1273 700 1352 743 τὸν
1384 700 1634 755 ἄνθρωπον

108 772 275 825 ἔμαθεν
305 769 642 825 ἀπορούμενον,
681 770 808 825 ἠξίου
845 770 991 824 λέγειν
1028 771 1093 819 τίς
1129 769 1155 824 ἡ
1194 768 1361 824 ταραχὴ
1400 771 1474 811 καὶ
1512 772 1556 811 τί
1583 768 1631 811 τὸ

106 838 311 893 βούλημα
341 840 422 880 τοῦ
452 837 510 893 μή
542 840 750 892 φανερῶς
781 839 1007 892 εἰσφέρειν
1046 839 1206 887 σκεῦος
1244 835 1379 879 οὐδὲν
1417 837 1633 892 δεόμενον

63 923 94 946 10
111 903 368 960 ἀπορρήτου
399 909 556 961 φορᾶς.
619 907 668 948 ἐν
699 907 747 947 δὲ
778 905 920 961 τούτῳ
951 907 1133 955 πλείους
1161 908 1252 947 τῶν
1283 906 1502 959 φυλάκων
1523 917 1633 947 συν-

108 972 278 1028 ἐρ’ῥεον,
311 976 386 1015 καί
414 989 479 1023 τις
510 972 660 1015 αὐτῶν
690 976 893 1028 γνωρίζει
923 972 1004 1028 την
1026 973 1222 1027 σκάφην,
1255 971 1388 1022 αὐτὸς
1411 973 1461 1015 ἐν
1484 974 1633 1028 ἐκείνῃ

108 1041 160 1082 τὰ
191 1042 346 1083 παιδία
385 1045 571 1096 κομίσας
609 1042 682 1084 ἐπὶ
719 1039 797 1083 τὸν
835 1041 1037 1096 ποταμὸν
1076 1040 1150 1081 καὶ
1187 1040 1343 1094 φράζει
1382 1040 1495 1095 πρὸς
1532 1039 1636 1090 τούς

109 1109 348 1163 παρόντας.
412 1109 456 1150 οἱ
483 1109 531 1151 δὲ
573 1110 877 1164 συλλαβόντες
913 1109 993 1151 τὸν
1032 1109 1291 1150 Φαιστύλον
1329 1107 1520 1162 ἄγουσιν
1561 1109 1634 1151 ἐπ’

110 1175 249 1218 αὐτὸν
292 1175 371 1218 τὸν
409 1177 595 1230 βασιλέα
634 1177 707 1218 καὶ
747 1178 1009 1231 διηγοῦνται
1045 1174 1099 1217 τά
1144 1176 1378 1230 γενόμενα.
1438 1175 1636 1231 Ἀμόλιος

66 1260 95 1284 15
115 1244 164 1286 δὲ
196 1242 358 1299 ἀπειλῇ
388 1244 602 1298 βασάνων
626 1244 1016 1299 καταπληξάμενος
1036 1242 1115 1285 τὸν
1137 1242 1398 1298 ἄνθρωπον,
1433 1245 1473 1286 εἰ
1490 1244 1548 1299 μή
1573 1245 1635 1286 λε’-

112 1311 174 1361 ξει
197 1309 274 1360 τὰς
295 1309 509 1365 ἀληθείας
540 1311 669 1367 ἑκών,
701 1316 882 1366 πρῶτον
912 1311 994 1366 μὲν
1017 1312 1056 1352 εί
1077 1314 1210 1362 ζῶσιν
1232 1312 1278 1352 οἱ
1294 1313 1449 1361 παῖδες
1478 1311 1632 1367 ἤρετο·

111 1376 170 1427 ὠς
201 1378 249 1419 δὲ
280 1377 405 1420 τοῦτ’
438 1381 592 1435 ἔμαθε,
625 1383 702 1435 τῆς
733 1382 954 1434 σωτηρίας
985 1377 1137 1428 αὐτοῖς
1168 1377 1287 1428 ὅστις
1309 1377 1331 1421 ὁ
1352 1380 1517 1433 τρόπος
1549 1381 1636 1434 ἐγέ-

110 1461 234 1488 νετο·
269 1447 601 1502 διηγησαμένου
633 1448 681 1490 δὲ
714 1445 853 1489 αὐτοῦ
886 1447 1030 1488 πάντα
1063 1445 1121 1495 (ὃς
1160 1443 1388 1502 ἐπράχθη,
1421 1444 1527 1500 ’Ἀγε
1565 1446 1634 1502 δὴ,

112 1514 252 1569 φησὶν
284 1513 307 1555 ὁ
346 1515 581 1570 βασιλεύς,
623 1513 777 1569 ἐπειδὴ
809 1518 948 1556 ταῦτα
989 1512 1245 1568 ἀληθεύσας
1282 1516 1408 1568 ἔχεις,
1442 1513 1636 1568 φράσον,

65 1599 98 1622 20
117 1580 232 1623 ὅπου
262 1585 350 1624 νῦν
372 1581 429 1624 ἂν
461 1580 708 1636 εὑρεθεῖεν.
761 1581 815 1623 οὐ
844 1583 931 1636 γὰρ
954 1583 1016 1624 ἔτι
1048 1583 1218 1623 δίκαιοί
1244 1583 1357 1623 εἰσιν
1390 1582 1440 1624 ἐν
1469 1582 1635 1636 βουκό-

113 1652 206 1699 λοις
236 1650 311 1691 καὶ
342 1648 484 1705 ἀδόξῳ
514 1652 597 1706 βίῳ
629 1653 706 1704 ζῆν
729 1652 877 1704 ἔμοιγε
899 1649 1025 1699 ὄντες
1047 1656 1293 1704 συγγενεῖς,
1326 1649 1471 1699 ἄλλως
1493 1650 1541 1692 δὲ
1563 1651 1633 1691 καὶ

112 1720 236 1758 θεῶν
275 1719 466 1772 προνοίᾳ
498 1717 751 1771 σωζόμενοι.
814 1721 860 1766 (e.
894 1718 960 1770 83)
996 1717 1249 1766 Φαιστύλος
1281 1717 1330 1759 δὲ
1361 1720 1438 1772 τῆς
1469 1715 1637 1770 ἀλόγου

112 1784 359 1839 πραότητος
396 1782 567 1841 ὑποψίᾳ
613 1785 814 1840 κινηθεὶς
858 1785 916 1840 μὴ
965 1792 1154 1839 φρονεῖν
1198 1782 1337 1826 αὐτόν
1375 1783 1502 1839 ὅμοια
1547 1791 1638 1834 τοῖς

113 1852 260 1905 λόγοις
291 1849 579 1905 ἀποκρίνεται
611 1847 718 1894 ὦδε·
754 1852 907 1907 οἱμὲν
945 1852 1098 1901 παῖδές
1138 1852 1252 1893 εἰσιν
1293 1852 1343 1893 ἐν
1382 1859 1473 1901 τοϊς
1512 1851 1636 1907 ὄρεσι.

117 2022 177 2065 γοι
203 2011 276 2044 τῶν
305 2012 466 2045 πολιτῶν
497 2011 599 2054 μίσει
635 2011 700 2046 καὶ
738 2010 844 2057 φόβῳ
882 2023 949 2044 του
982 2006 1187 2065 Ἀμουλίου.
1235 2009 1381 2065 πολλὴν
1407 2010 1450 2045 δε
1475 2010 1541 2044 καὶ
1567 2009 1638 2045 σὺν

113 2053 216 2107 αὐτῷ
243 2051 410 2098 δύναμιν
435 2055 504 2100 ἡγε
530 2056 871 2108 συλλελοχισμενην
898 2054 952 2095 εἰς
978 2051 1224 2095 ἑκατοστύας·
1260 2051 1420 2109 ἑκάστης
1457 2054 1501 2090 δε
1538 2051 1634 2100 ἀνὴρ

112 2091 300 2157 ἀφηγεῖτο
325 2099 460 2144 χόρτου
478 2101 543 2134 καὶ
561 2096 653 2145 υλης
674 2102 867 2144 οὶγκαλίδα
892 2100 1011 2152 κοντῷ
1036 2113 1311 2156 περικειμενην
1334 2097 1491 2153 ἀνέχων.
1522 2100 1636 2156 <μα-

116 2146 232 2198 νίπλᾳ
258 2145 399 2185 ταύτας
424 2149 583 2180 Λατῖνοι
613 2145 806 2180 καλουσιν.
834 2146 902 2188 ->
950 2158 1029 2197 αμα
1055 2146 1103 2189 δὴ
1129 2146 1196 2180 τοῦ
1214 2158 1284 2189 μεν
1303 2142 1448 2198 Ριόμου
1466 2157 1554 2185 τους
1580 2142 1638 2179 ἔν-

115 2189 178 2229 τὸς
203 2185 448 2243 ἀφιστάντος,
486 2192 553 2225 τοῦ
589 2189 630 2226 δε
649 2187 840 2242 Ρωμύλου
874 2187 1132 2245 προσάγοντος
1169 2190 1330 2241 ἔξωθεν,
1368 2186 1455 2224 ου’τε
1491 2188 1638 2247 πράξας

116 2233 231 2268 οὐδὲν
258 2233 276 2268 ὁ
304 2231 487 2278 τύραννος
513 2230 598 2270 οὔτε
625 2232 832 2292 βουλεύσας
858 2234 1041 2282 σωτῄριον
1068 2233 1194 2288 ἑαυτῷ
1228 2232 1294 2269 δια
1319 2233 1360 2269 τὸ
1386 2231 1547 2278 ἀπορεῖν
1572 2235 1636 2269 καὶ

116 2276 373 2322 ταράττεσθαι
398 2281 666 2330 καταληφθεὶς
692 2277 904 2315 ἀπέθανεν.
936 2282 1007 2314 ,Ων
1034 2278 1080 2315 τὰ
1105 2284 1266 2315 πλεῖστα
1292 2281 1357 2315 καὶ
1376 2281 1553 2336 Φαβίου
1581 2280 1637 2314 λε’-

118 2337 252 2376 γοντος
289 2325 354 2358 καὶ
391 2337 457 2359 του
495 2327 752 2382 Πεπαρηθίου
791 2324 1019 2367 Διοκλέους,
1056 2321 1097 2365 ὃς
1135 2327 1247 2360 δοκεῖ
1275 2324 1420 2368 πρῶτος
1457 2322 1637 2359 ἐκδοῦναι

109 2365 251 2422 Ῥώμης
276 2371 411 2422 κτίσιν,
436 2364 608 2405 ὕποπτον
624 2384 695 2415 μεν
720 2368 836 2411 ἐνίοις
861 2368 937 2406 ἐστὶ
955 2370 996 2405 τὸ
1016 2367 1251 2415 δραματικὸν
1269 2383 1334 2404 και
1351 2371 1637 2414 πλασματῶδες,

116 2427 162 2448 ου
188 2415 251 2449 δεῖ
274 2413 317 2449 δὲ
344 2410 530 2451 άπιστεῖν.
580 2417 749 2470 Quaedam
774 2429 820 2450 ea
843 2419 895 2450 lzz‘s
920 2418 1069 2450 breuiter
1098 2420 1225 2468 repetit
1249 2419 1338 2453 Plut
1368 2419 1408 2449 cle
1431 2419 1514 2469 f07t.
1543 2418 1635 2448 Rom.

116 2462 149 2501 8,
174 2462 230 2493 ubi
252 2462 335 2493 hace
360 2463 466 2502 addit,
492 2473 576 2504 qnae
601 2464 634 2495 in
659 2465 717 2495 uit.
742 2464 834 2496 Rom.
861 2465 982 2495 omissa
1007 2456 1275 2501 e7a7zt:01')'vwg
1300 2461 1387 2505 περὶ
1411 2457 1480 2504 τὴν
1499 2456 1638 2512 Ρωμύ

119 2507 185 2538 λου
211 2515 358 2550 σποραν
382 2505 447 2539 καὶ
459 2486 691 2549 καταβολὴν
723 2504 790 2541 τὸν
814 2501 925 2551 ἥλιον
957 2503 1128 2541 ἐκλιπεῖν
1156 2505 1347 2551 ἵστορουσι
1378 2515 1637 2549 ποιησαμενον

232 2645 269 2681 3.
301 2640 508 2693 λεγόμενον
538 2645 626 2680 libra·
645 2645 819 2692 Dz'onysiz‘
847 2651 882 2682 et
905 2646 1088 2682 Nicolaus
1146 2641 1364 2692 φερόμενον
1396 2644 1572 2680 Gelenius
1602 2649 1637 2680 et

120 2700 285 2748 Syllum-9
343 2697 575 2749 στεγόμενον
604 2701 745 2736 Rez'slce
916 2702 954 2738 5.
985 2699 1041 2751 τε]
1075 2697 1124 2748 δὴ
1157 2703 1277 2736 Ne'eol.
1452 2700 1487 2735 9.
1519 2695 1637 2735 οὐδὲν

119 2758 221 2793 deest
251 2769 315 2803 ap.
349 2758 469 2793 Nicol.
654 2757 717 2792 12.
748 2755 941 2806 γνωρίσας
982 2759 1134 2794 Nieolaz'
1171 2758 1251 2793 cod.
1434 2756 1496 2791 15.
1536 2751 1637 2801 λέξοι

123 2812 220 2849 Chis.
263 2814 349 2849 Vrb.
409 2808 506 2857 λέξει
538 2813 701 2859 Sylbmy
733 2818 767 2848 ec
800 2814 920 2850 Nicol.
1096 2813 1157 2849 16.
1184 2808 1266 2861 τὰς]
1299 2815 1368 2859 τῆς
1402 2812 1523 2848 Νῖοοῖ.

121 2866 245 2918 εἴρετο
276 2870 396 2905 Nieol.
573 2869 635 2904 17.
668 2863 741 2917 ὥς]
775 2864 847 2904 ὅσα
889 2871 1015 2907 Vrbin.
1079 2864 1187 2904 ταῦτ7
1223 2869 1343 2904 Nicol.

189 2938 304 2968 PETER,
324 2938 403 2963 Hist.
425 2939 511 2963 Rom.
532 2938 597 2962 rell.
634 2939 656 2962 1.
1329 2933 1365 2963 II
