1884 3213
96 927 125 950 10

95 1262 126 1286 15

95 1600 127 1624 20

95 1934 127 1959 25

97 2270 129 2294 30

558 180 758 214 VALERH
782 181 1007 214 AN'rlA'rls
1034 181 1253 214 ANNALES
1588 180 1668 221 267

153 299 211 333 est
250 299 427 345 coeptus.
489 295 530 332 P.
564 296 698 346 Scipio
729 295 869 334 Nasica
910 295 1092 334 tribunos
1125 295 1338 347 adpellauit
1371 298 1670 347 orationemque

152 361 291 401 habuit
328 362 485 413 plenam
526 364 633 401 ueris
664 363 877 402 decoribus
908 376 986 402 non
1019 365 1284 402 communiter
1317 364 1432 402 modo
1465 364 1670 402 Corneliae

150 431 299 478 gentis,
341 430 410 469 sed
442 432 604 481 proprie
636 431 810 469 familiae
843 443 950 469 suae.
1012 436 1196 482 parentes
1227 444 1319 470 suos
1351 437 1389 469 et
1420 431 1461 470 Ρ.
1494 432 1670 470 Africani

151 510 195 535 ac
234 497 275 535 L.
309 497 530 549 ScipioniS,
578 500 644 549 qui
692 500 732 536 in
777 511 981 537 carcerem
1021 499 1256 543 duceretur,
1294 500 1416 538 fuisse
1450 499 1517 537 Cn.
1559 504 1596 537 et
1628 500 1668 538 Ρ.

152 564 380 615 Scipiones,
425 565 668 604 clarissimos
714 567 836 603 uiros.
898 578 984 610 eos,
1033 579 1122 604 cum
1170 579 1240 617 per
1279 566 1429 617 aliquot
1468 579 1591 605 annos
1631 569 1669 605 in

152 638 257 670 terra
287 631 478 683 Hispania
508 633 699 671 aduersus
730 633 875 681 multos
906 633 1498 685 PoenorumHispanorumque
1530 640 1568 674 et
1600 635 1669 673 du-

151 713 217 738 ces
249 704 286 738 et
318 701 517 739 exercitus
549 702 722 739 nominis
753 701 919 739 Romani
952 703 1093 739 famam
1127 703 1330 739 auxissent
1362 714 1439 739 non
1473 701 1576 740 bello
1608 716 1670 739 so·

150 767 254 811 lum,
302 767 370 806 sed
415 768 518 819 quod
557 768 756 806 Romanae
801 770 1085 818 temperantiae
1132 768 1302 819 fideique
1349 770 1551 819 specimen
1593 769 1671 807 illis

149 835 336 885 gentibus
382 835 605 880 dedissent,
653 835 698 874 ad
744 841 964 875 extremum
1005 836 1119 874 ambo
1160 848 1231 886 pro
1273 848 1314 874 re
1354 835 1513 887 publica
1546 843 1670 875 morte

151 902 403 941 occubuisse.
464 916 554 941 cum
596 903 755 942 illorum
795 904 962 953 gloriam
1001 905 1105 942 tueri
1138 905 1309 954 posteris
1340 905 1435 942 satis
1467 909 1588 947 esset,
1631 905 1669 943 Ι).

150 971 380 1009 Africanum
410 975 565 1009 tantum
596 976 781 1021 paternas
811 972 1077 1022 superiecisse
1110 971 1259 1016 laudes,
1293 976 1334 1009 ut
1367 972 1481 1010 sidem
1514 973 1669 1016 fecerit,

151 1043 229 1076 non
269 1040 460 1088 sanguine
493 1038 663 1077 humano
696 1039 762 1077 sed
795 1040 916 1089 stirpe
950 1038 1088 1077 diuina
1120 1044 1248 1077 satum
1280 1051 1320 1077 se
1353 1051 1451 1077 esse.
1512 1039 1554 1077 L.
1586 1038 1670 1077 Sci·
1697 1050 1711 1078 t

150 1107 323 1155 pionem,
356 1106 403 1144 de
435 1118 512 1156 quo
545 1112 696 1157 agatur,
731 1111 773 1145 ut
795 1119 895 1157 quae
919 1108 958 1144 in
980 1106 1182 1157 Hispania,
1216 1108 1380 1157 quaein
1401 1106 1548 1151 Africa,
1581 1120 1671 1145 cum

151 1173 303 1223 legatus
335 1174 472 1212 fratris
504 1178 619 1218 esset,
652 1175 852 1224 gessisset,
885 1178 1202 1224 praetereantur,
1237 1174 1439 1212 consulem
1472 1179 1509 1212 et
1540 1173 1588 1212 ab
1612 1187 1670 1212 se-

153 1245 245 1279 natu
285 1240 446 1291 dignum
481 1243 631 1285 uisum,
672 1243 737 1279 cui
769 1246 879 1280 extra
912 1246 1058 1280 sortem
1090 1242 1180 1280 Asia
1211 1243 1421 1292 prouincia
1453 1246 1490 1279 et
1523 1241 1671 1280 bellum

152 1321 241 1347 eum
264 1308 457 1347 Antiocho
490 1321 582 1359 rege
614 1309 911 1353 decerneretur,
946 1315 983 1347 et
1016 1322 1035 1347 a
1066 1310 1202 1352 fratre,
1237 1310 1301 1347 cui
1332 1313 1419 1359 post
1452 1309 1549 1347 duos
1578 1322 1670 1348 con-

151 1377 302 1415 sulatus
340 1389 628 1429 censuramque
668 1383 705 1416 et
744 1377 991 1427 triumphum
1030 1378 1181 1426 legatus
1222 1378 1261 1414 in
1293 1377 1423 1415 Asiam
1464 1377 1552 1415 iret.
1614 1376 1670 1414 ibi

152 1457 200 1483 116
232 1445 463 1495 magnitudo
496 1451 534 1484 et
565 1445 753 1496 splendor
784 1445 902 1493 legati
935 1444 1120 1483 laudibus
1146 1444 1321 1482 consulis
1343 1444 1534 1487 officeret,
1568 1445 1671 1482 sorte

152 1513 205 1550 ita
237 1512 439 1557 incidisse,
473 1519 528 1557 ut,
561 1525 638 1564 quo
670 1513 732 1551 die
765 1512 810 1550 ad
844 1513 1082 1562 Magnesiam
1115 1514 1238 1561 signis
1269 1511 1437 1549 conlatis
1468 1511 1510 1549 L.
1535 1511 1670 1562 Scipio

152 1580 389 1618 Antiochum
423 1580 649 1624 deuicisset,
684 1592 800 1630 aeger
832 1580 872 1618 P.
907 1580 1041 1631 Scipio
1064 1580 1204 1618 Elaeae
1237 1578 1393 1617 dierum
1425 1578 1573 1630 aliquot
1606 1580 1670 1618 uia

152 1646 320 1685 abesset.
382 1660 461 1686 non
499 1649 621 1687 fuisse
660 1649 855 1686 minorem
896 1661 983 1686 eum
1024 1649 1244 1686 exercitum
1275 1659 1391 1699 quam
1422 1646 1669 1691 Hannibalis,

152 1727 242 1753 cum
281 1727 358 1764 quo
390 1716 430 1754 in
462 1716 593 1754 Africa
626 1722 729 1755 esset
760 1721 990 1766 pugnatum.
1052 1715 1313 1754 Hannibalem
1348 1714 1517 1753 eundem
1548 1716 1670 1753 fuisse

152 1784 257 1820 inter
288 1782 432 1821 multos
464 1783 563 1821 alios
594 1784 726 1833 regios
748 1783 881 1826 duces,
915 1785 980 1833 qui
1005 1784 1222 1834 imperator
1244 1782 1385 1820 Punici
1418 1781 1512 1820 belli
1535 1782 1669 1820 fuerit.

153 1854 191 1887 et
222 1848 371 1887 bellmn
404 1850 565 1900 quidem
598 1852 651 1889 ita
682 1856 837 1900 gestum
870 1863 967 1893 esse,
1002 1856 1044 1888 ut
1076 1863 1123 1888 ne
1155 1851 1357 1888 fortunam
1379 1849 1538 1899 quidem
1562 1850 1669 1899 quis-

152 1929 268 1967 quam
300 1918 513 1956 criminari
544 1919 680 1968 possit,
714 1920 754 1956 in
786 1930 880 1968 pace
912 1920 1066 1956 crimen
1097 1918 1250 1969 quaeri,
1283 1930 1367 1955 eam
1400 1917 1478 1955 dici
1500 1918 1670 1954 uenisse.

152 1983 216 2021 hic
263 1982 400 2023 decem
446 1984 595 2033 legatos
639 1985 758 2023 simul
798 1987 934 2035 argui,
978 1997 1148 2035 quormn
1189 1997 1233 2022 ex
1274 1984 1440 2023 consilio
1479 1983 1567 2022 data
1598 1996 1670 2034 pax

153 2056 270 2089 esset.
333 2063 569 2102 quamquam
611 2054 810 2091 exstitisse
854 2065 899 2091 ex
942 2053 1077 2091 decem
1111 2052 1252 2101 legatis
1283 2053 1351 2101 qui
1383 2051 1449 2089 Cn.
1482 2050 1671 2089 Manlium

154 2123 398 2162 accusarent,
432 2124 561 2157 tamen
594 2132 672 2158 non
704 2120 820 2158 modo
852 2120 899 2158 ad
922 2120 1103 2158 criminis
1126 2119 1254 2162 11116111,
1289 2118 1356 2156 sed
1379 2131 1427 2156 ne
1451 2118 1498 2156 ad
1520 2130 1669 2155 moram

153 2184 313 2235 quidem
344 2186 537 2237 triumphi
569 2198 655 2225 eam
685 2188 979 2225 accusationem
1010 2186 1194 2224 ualuisse.
1243 2198 1289 2233 qe.
1321 2182 1402 2235 52,
1437 2190 1474 2223 at
1506 2185 1668 2223 hercule
1694 2215 1716 2236 u

154 2253 194 2290 in
217 2251 405 2302 Scipione
438 2253 545 2301 leges
577 2255 682 2304 ipsas
712 2256 834 2305 pacis,
867 2260 909 2292 ut
932 2255 1099 2292 niinium
1123 2252 1441 2291 adcommodatas
1462 2253 1668 2296 Antiocho,

154 2323 357 2370 suspectas
388 2331 486 2361 esse,
522 2321 719 2370 integrum
752 2323 858 2359 enim
891 2323 926 2359 ei
961 2332 1125 2369 regnum
1160 2319 1355 2361 relictum,
1391 2321 1520 2357 onmia
1546 2321 1668 2369 possi-

298 2466 362 2501 11.
402 2467 635 2513 superiecisse
671 2471 845 2516 plerique
882 2470 945 2504 lib.
980 2479 1058 2503 rec.
1119 2466 1309 2502 subiecisse
1350 2476 1447 2501 unus
1486 2466 1547 2501 lib.
1589 2476 1667 2501 rec.

155 2523 380 2569 superauisse
419 2524 519 2569 uzclgs.
704 2525 765 2560 15.
808 2521 941 2573 uisum]
986 2523 1141 2559 habitum
1181 2525 1275 2557 coni.
1318 2522 1584 2557 Weissenborn

185 2578 248 2613 23.
287 2574 426 2627 regios]
468 2578 615 2625 regulos
655 2580 823 2628 Moymzt.
893 2591 997 2627 reges
1037 2580 1217 2625 ducesque
1256 2590 1374 2623 mary.
1414 2578 1469 2612 ed.
1510 2578 1668 2612 Ascens.

156 2635 324 2681 egregios
356 2634 524 2680 fllacluigs.
661 2635 724 2672 26.
757 2637 858 2683 argui
892 2637 1069 2671 Gelem'us
1102 2638 1170 2678 (ex
1201 2635 1298 2680 Moy.
1326 2639 1363 2668 ut
1396 2634 1486 2673 niel.)
1549 2634 1669 2679 argui—

156 2700 225 2736 que
256 2695 290 2725 et
330 2691 432 2737 argui
465 2701 609 2737 quoqne
647 2693 736 2727 libri
764 2703 840 2728 rec.
1016 2692 1080 2726 ⁶27.
1121 2701 1329 2737 ‹piamqu.·nn
1374 2689 1532 2723 extitisse
1571 2688 1669 2735 Moy.

157 2756 264 2791 quum
297 2746 476 2780 exstitisse
508 2751 542 2781 et
574 2757 680 2792 quem
711 2749 891 2783 exstitisse
920 2749 1009 2782 libri
1038 2758 1118 2781 ree.
1179 2746 1262 2792 quin
1301 2745 1461 2779 extitisse
1501 2745 1556 2779 ed.
1591 2744 1667 2779 Me-

156 2801 242 2836 diol.
267 2813 302 2836 (ι.
328 2800 435 2838 1480
495 2803 579 2848 quin
613 2804 811 2838 exstitisset
828 2804 1031 2838 Ascensms
1091 2812 1302 2849 quamquam
1328 2801 1549 2835 exstitissent
1569 2801 1668 2835 Istra·

156 2856 350 2893 Icenborclc
411 2858 493 2906 quin
526 2859 704 2895 exstitisse
736 2865 770 2895 et
801 2860 986 2906 A'oeysszy
