1884 3213
498 174 546 205 M.
573 171 741 205 PORCII
766 171 971 204 CATONIS
997 171 1226 204 ORIGINES
1567 169 1621 210 63

217 284 358 329 41**.
400 287 505 325 Plin.
539 299 575 325 η.
607 287 645 324 Iz.
678 287 750 325 III
790 284 869 325 133
906 286 1028 324 Verso
1069 285 1212 324 deinde
1260 284 1412 329 ltaliam
1462 289 1622 335 pectore

103 356 261 407 Alpium
300 355 430 393 Latini
470 356 570 392 iuris
611 354 821 404 Euganeae
861 359 1021 404 gentes,
1062 365 1228 404 quarum
1269 352 1411 403 oppida
1452 360 1623 391 XXXIIII

103 428 308 462 enumerat
340 422 446 461 Cato.

214 487 361 530 4⁸2**.
401 490 507 528 Plin.
541 502 579 528 n.
612 490 650 527 le.
684 489 757 527 III
795 485 875 527 130
920 488 1089 527 Venetos
1126 488 1296 527 Troiana
1342 489 1466 538 stirpe
1515 492 1622 525 ortos
1666 497 1674 506 ·

70 563 242 602 5anctor
272 563 330 597 cst
362 557 477 601 Calc,
510 558 756 595 Cenomanos
787 557 896 595 iuxta
926 555 1139 595 Massiliam
1172 555 1372 594 habitasse
1406 556 1444 593 iu
1479 556 1621 598 Volcis,

213 622 272 664 43
286 623 325 664 '⁴‘-
374 627 504 664 Varro
535 626 585 663 de
615 637 647 664 r.
679 628 776 662 rust.
809 624 833 662 I
861 621 899 667 2,
934 622 956 661 7
996 624 1053 662 An
1086 636 1164 662 non
1195 624 1245 661 M.
1279 623 1373 661 Calo
1405 623 1548 661 scribit
1581 625 1621 661 in

103 693 206 732 libro
238 694 442 744 originum
473 692 557 731 sic?
597 694 700 742 Ager
722 691 898 730 Gallicus
920 691 1121 729 Romanus
1153 696 1335 735 uocatur,
1368 692 1435 742 qui
1467 692 1620 730 uiritim

102 762 160 798 ris
190 761 413 799 Ariminum
446 759 560 799 datus
592 764 651 799 est
685 759 786 798 ultra
819 770 956 809 agrum
980 759 1216 798 Picentium.
1272 760 1391 811 ili-eo
1423 770 1518 809 agro
1550 759 1620 797 ali-

101 830 341 879 quotfariam
375 830 415 867 in
447 827 603 877 singula
635 829 770 877 iugera
804 827 905 866 dena
936 826 1065 865 cullea
1096 828 1183 865 uini
1216 827 1328 864 sumt.

58 916 88 940 10
217 894 277 935 44
289 894 310 917 ζὴ
326 899 347 917 ”
398 896 501 934 Ple'n.
535 908 571 936 η.
603 896 641 933 le.
673 895 748 933 III
779 892 857 933 116
888 894 932 933 In
964 894 1038 932 hoc
1071 899 1199 932 tractu
1234 892 1425 944 [octauae
1455 894 1625 942 Anqustc'

99 965 285 1014 reqimzis,
317 974 420 1012 quae
450 963 793 1002 detemninabalzcr
816 963 1009 1007 Arintheo,
1032 963 1157 1012 Pado,
1193 960 1421 1012 Apennino]
1457 962 1620 999 interie—

101 1037 193 1069 runt
223 1031 315 1075 Boi,
356 1043 528 1082 quorum
567 1029 696 1068 tribus
727 1038 823 1068 CX11
856 1031 979 1068 fuisse
1012 1035 1151 1068 auctor
1185 1035 1243 1067 est
1275 1029 1389 1073 Cato,
1425 1030 1518 1067 item
1551 1029 1620 1067 Se-

100 1111 237 1143 nones,
269 1100 338 1149 qui
369 1103 562 1150 ceperunt
592 1097 770 1136 Romam.

188 1241 252 1278 42.
279 1245 323 1284 cf.
352 1245 427 1278 Δία.
453 1245 474 1275 I
502 1246 532 1283 1,
559 1246 595 1275 2:
624 1243 781 1276 Casibus
807 1243 938 1275 deinde
965 1244 1079 1275 uariis
1104 1243 1324 1275 Antenorem
1352 1254 1430 1275 cum
1457 1243 1621 1275 multitu-

97 1289 180 1321 dine
212 1290 386 1330 Enetum,
421 1290 482 1331 qui
513 1289 693 1321 seditione
726 1300 769 1320 ex
801 1289 1056 1330 Paphlagonia
1088 1288 1184 1330 pulsi
1216 1292 1252 1320 et
1286 1288 1391 1320 sedes
1424 1292 1460 1320 et
1491 1289 1618 1320 ducem

97 1345 182 1376 rege
223 1335 444 1377 Pylaemene
477 1335 522 1366 ad
554 1335 699 1366 Troiam
736 1335 867 1366 amisso
906 1335 1151 1375 quaerebant,
1189 1334 1334 1366 uenisse
1371 1335 1407 1365 in
1444 1335 1620 1366 intumum

97 1379 278 1411 Adriatici
303 1380 412 1411 maris
438 1380 557 1411 sinum
574 1380 847 1421 Euganeisque,
876 1380 947 1431 qui·
962 1379 1057 1411 inter
1074 1389 1173 1410 mare
1192 1379 1373 1431 Alpesque
1392 1379 1620 1418 incolebant,

98 1424 212 1466 pulsis
252 1426 389 1457 Enetos
425 1425 675 1466 Tioianosque
716 1435 780 1456 eas
820 1422 982 1456 tenuis‘se
1024 1428 1153 1457 ter·.1as
1216 1428 1253 1455 et
1288 1425 1325 1466 in
1364 1435 1469 1466 quem
1506 1424 1620 1465 primo

99 1470 240 1512 egressi
266 1475 350 1502 sunt
375 1470 505 1510 locum,
538 1470 647 1502 Troia
676 1473 847 1509 uocatur,
879 1479 1046 1511 pagoque
1079 1470 1238 1501 Tioiano
1270 1469 1353 1501 inde
1385 1479 1513 1501 nomen
1546 1473 1619 1507 est;

97 1525 188 1567 gens
210 1516 382 1546 uniuersa
410 1515 543 1547 Veneti
568 1514 758 1557 appellati
807 1514 932 1547 Styaho
941 1515 1035 1564 Vp.
1055 1515 1137 1545 212:
1165 1510 1204 1546 οἵ
1227 1509 1265 1546 δ’
1292 1509 1332 1546 ἐκ
1358 1511 1425 1546 τοῦ
1448 1513 1619 1556 Τρωικοῦ

96 1556 264 1601 πολέμου
289 1555 371 1602 μετ’
394 1554 609 1603 Ἀντήνορος
634 1559 810 1602 σωθῆναι
835 1553 949 1601 δεῦρό
975 1568 1069 1600 φασι
1095 1557 1169 1591 τῶν
1187 1554 1227 1591 ἐκ
1253 1558 1320 1601 τῆς
1338 1558 1620 1602 Παφλαγονίας

90 1602 250 1637 Ἐνετῶν
280 1616 400 1643 τινας.
449 1607 535 1638 alios
570 1608 660 1638 locos
696 1606 738 1637 de
769 1606 884 1637 eadem
913 1616 952 1637 re
984 1606 1183 1647 conquisiuit
1213 1605 1405 1646 Sekweyler
1435 1605 1456 1636 I
1487 1616 1523 1646 p.
1555 1606 1620 1637 310

96 1655 166 1684 not.
193 1651 247 1683 14.

186 1692 253 1727 43.
280 1695 339 1727 Eae
369 1696 528 1728 Varrone
551 1696 763 1737 repetierunt
791 1696 918 1728 Nonius
942 1706 970 1726 s.
996 1707 1027 1727 u.
1052 1697 1176 1727 culleus
1198 1706 1233 1736 p.
1261 1696 1340 1727 197:
1370 1695 1483 1727 Varro
1509 1694 1552 1726 de
1580 1705 1618 1726 re

97 1740 235 1772 rustica
266 1740 329 1772 lib.
355 1741 388 1772 1:
420 1741 463 1772 In
489 1741 633 1782 singula
664 1741 792 1782 iugera
825 1740 920 1772 dena
946 1740 1064 1772 cullea
1096 1741 1173 1772 uini
1198 1740 1299 1772 fiunt.
1352 1740 1529 1772 Columella
1555 1739 1618 1771 III

98 1788 135 1825 3,
160 1787 197 1817 2:
230 1785 278 1817 Vt
302 1786 468 1817 omittam
499 1792 660 1817 ueterem
691 1785 792 1817 illam
824 1785 1043 1817 felicitatem
1076 1796 1259 1825 aruorum,
1295 1786 1426 1826 quibus
1457 1789 1495 1817 et
1533 1789 1618 1817 ante

97 1832 170 1862 iam
193 1830 241 1862 M.
268 1830 378 1862 Cato
411 1834 447 1863 et
478 1841 559 1863 mox
583 1831 776 1862 Terentius
803 1831 915 1863 Varro
948 1830 1126 1872 prodidit,
1159 1830 1303 1872 singula
1334 1831 1462 1872 iugera
1493 1831 1619 1863 uinea-

97 1886 174 1907 rum
199 1885 373 1907 sexcenas
389 1886 500 1908 urnas
525 1876 601 1907 uini
627 1876 839 1917 praebuisse
858 1894 901 1898 —
926 1876 962 1907 in
983 1875 1138 1915 Gallico,
1165 1877 1226 1918 qui
1250 1886 1346 1907 nunc
1371 1876 1508 1908 Piceno
1535 1886 1617 1908 con-

97 1921 282 1952 tribuitur.
331 1921 398 1952 III
430 1922 470 1961 9,
503 1923 540 1953 3:
578 1920 878 1962 quemadmodum
908 1921 1101 1953 Terentius
1130 1922 1243 1953 Varro
1276 1927 1312 1952 et
1344 1925 1429 1952 ante
1464 1931 1544 1952 eum
1569 1922 1617 1952 M.

97 1965 212 1997 Cato
238 1974 387 2007 possent
404 1966 598 2006 affirmare,
626 1970 868 1998 sexcentenas
886 1976 996 1997 urnas
1023 1967 1152 2008 priscis
1171 1967 1372 1998 cultoribus
1391 1965 1537 2008 singula
1563 1967 1618 1997 ui-

96 2021 242 2042 nearum
269 2011 396 2052 iugera
422 2011 572 2043 fudisse.
621 2012 709 2046 Plin,
735 2023 765 2043 u.
785 2012 816 2045 lz.
842 2011 968 2043 XIIII
993 2013 1051 2043 52:
1078 2011 1178 2044 Idem
1205 2010 1315 2042 Cato
1340 2012 1452 2043 denos
1479 2011 1618 2042 culleos

97 2066 141 2087 ex
165 2056 353 2098 iugeribus
378 2056 496 2088 redire
523 2058 635 2089 iubet.
683 2058 848 2099 Anonym.
866 2057 998 2098 Haupt.
1015 2068 1050 2098 p.
1069 2058 1110 2089 7⁶2
1142 2057 1223 2098 Vp.
1244 2058 1308 2089 576
1330 2057 1425 2088 Keil:
1451 2056 1615 2087 Culleum

97 2102 241 2142 generis
266 2102 442 2144 neutrius,
468 2105 507 2133 ut
532 2100 644 2133 Cato
671 2101 809 2134 ‘cullea
832 2100 940 2136 uini’.

209 2235 284 2288 41,
317 2240 353 2276 1.
386 2237 514 2290 Verso]
548 2241 651 2277 Lez'd.
683 2241 729 2277 A.
796 2251 922 2276 uersus
953 2239 1062 2279 Ricc.
1100 2240 1215 2277 Tolet.
1248 2240 1377 2275 Paris.
1410 2241 1444 2276 cI.

97 2295 133 2331 2.
167 2295 355 2332 latimiuris
385 2296 491 2333 Leid.
521 2297 566 2334 A.
766 2295 933 2345 Euganea
963 2297 1067 2333 Leid.
1099 2297 1144 2333 A.
1205 2307 1337 2332 eucane
1370 2307 1388 2332 c
1420 2297 1528 2333 Riec.

153 2363 306 2399 quorum
335 2353 439 2389 Leid.
471 2354 516 2388 A.

208 2403 284 2457 42,
317 2408 353 2446 5.
386 2408 543 2445 hahitare
573 2410 674 2446 Leid.
707 2411 752 2447 A.
924 2409 1061 2446 Volscis
1092 2410 1197 2446 Lez'd.
1228 2410 1273 2445 A.

208 2459 291 2513 43,
322 2464 358 2502 8.
392 2466 441 2500 cis
471 2467 669 2501 Ariminum
700 2463 820 2516 datus]
855 2466 1016 2502 Cesarem
1048 2466 1239 2502 inundatus
1273 2464 1342 2513 (Cis
1374 2466 1529 2500 Aremin.
1555 2465 1613 2500 ‹la-

97 2527 153 2557 tus
182 2522 222 2557 in
251 2519 389 2569 mary.)
422 2521 600 2558 Politz'am'
635 2524 716 2559 cod.
755 2528 848 2559 teste
887 2523 1009 2559 Keilio
1048 2524 1154 2569 apud
1187 2523 1398 2559 Iordanum
1438 2519 1612 2567 (Cesarem

96 2577 287 2613 inundatus
327 2578 355 2613 c’
388 2577 443 2613 Cis
475 2579 678 2614 Areminum
719 2578 822 2614 datus
862 2581 943 2615 cod.
983 2579 1094 2615 Polit.
1133 2584 1226 2615 teste
1267 2574 1448 2624 Gesner-0)
1490 2588 1611 2613 emen-

95 2636 201 2670 dauz'l
231 2634 275 2670 P.
319 2634 505 2670 Victorius
694 2635 927 2671 Picicencium
960 2637 1041 2672 cod.
1071 2636 1253 2671 Politicmi
1289 2636 1388 2670 alter
1419 2635 1612 2669 secundae

95 2696 208 2727 notae
380 2690 417 2726 9.
448 2690 693 2737 aliqudfariam
725 2692 806 2728 cod.
838 2692 1020 2728 Poliliam'
1049 2696 1141 2728 leste
1174 2691 1341 2727 Gesnero
1504 2686 1609 2739 lium]

95 2752 179 2782 sunt
211 2748 293 2785 cod.
326 2746 508 2782 Polz'tz'am'
536 2749 648 2782 alter.

209 2798 284 2851 44,
320 2802 382 2838 12.
414 2802 472 2838 Bai
507 2803 621 2839 Tolet.
653 2803 779 2841 Paris.
811 2806 845 2840 cl.
1018 2796 1188 2853 qnorum]
1223 2813 1347 2838 corum
1378 2803 1487 2838 Βίου.

99 2857 162 2895 13.
196 2864 366 2908 ceperant
395 2859 506 2895 Ricc.
