1884 3213
221 147 368 177 CCCLX
540 136 606 168 DE
633 134 943 167 SCRIPTORVM
971 133 1099 166 VITIS
1126 133 1188 166 ΕΤ
1214 131 1437 166 SCRIPTIS

223 253 295 290 hoc
327 252 556 300 conpositus
588 251 638 288 sit
670 251 736 288 uix
759 247 1022 294 dubitabitur,
1057 250 1292 300 praesertim
1325 260 1414 286 cum
1446 248 1569 287 forma
1596 250 1755 300 antiqua

222 321 492 358 oeeeearrere'c
523 330 616 356 usus
647 320 710 356 sit.
772 316 839 356 sed
879 316 982 368 quod
1017 318 1104 354 eius
1134 316 1257 354 suerit
1289 321 1585 366 argumentum,
1627 318 1755 356 incer-

225 394 305 425 tnm
338 390 409 425 est.
453 385 630 436 Denique
664 389 753 423 ante
778 383 896 423 Plinii
928 388 1097 422 aetatem
1129 383 1271 435 aliquis
1297 383 1341 429 Q.
1364 383 1526 422 Tubero
1557 384 1605 422 de
1640 386 1758 424 astris

225 455 286 493 uel
327 454 373 492 de
416 454 536 492 simili
576 466 618 492 re
660 454 835 504 scripsit.
902 452 952 490 cs.
986 452 1085 490 Plin.
1117 451 1235 489 XVlll
1268 449 1371 491 235:
1422 452 1529 491 VIII
1561 453 1759 492 kalendas

226 522 490 573 (Februarias)
523 522 638 560 stella
669 522 785 568 reffl'a
818 521 1024 569 appellata
1052 519 1253 558 Tuberoni
1281 521 1321 558 in
1345 526 1512 569 pectore
1541 521 1666 559 leonis
1695 531 1757 560 oe-

223 591 322 630 cecla
343 592 541 629 matutino
562 594 599 628 et
614 590 753 638 pridie
775 599 902 627 nonas
924 588 1173 626 Februarias
1190 587 1359 634 fidicula
1380 590 1549 637 uesperi,
1575 592 1615 626 et
1636 588 1757 627 schol.

225 660 411 697 German.
452 671 489 709 p.
527 654 605 696 132
639 656 776 707 Breys.
828 656 911 694 Illa
951 661 1103 704 amem,
1149 666 1252 704 quae
1290 657 1332 694 in
1366 660 1529 705 pectore
1567 657 1650 695 eius
1685 661 1756 704 est,

224 729 340 766 clara
379 731 416 765 et
457 737 606 774 magma
646 727 877 774 appellalar
908 725 1016 773 regia
1053 724 1265 763 Tuberoni.
1316 713 1405 762 nam
1437 724 1533 762 haec
1565 725 1604 762 in
1636 724 1758 763 bisto-

226 797 374 834 riarum
416 794 613 845 relliquiis
650 805 797 844 ponere
837 797 876 830 et
917 797 1150 842 argumento
1183 797 1365 830 uetamur
1405 797 1444 830 et
1475 794 1660 830 societate
1693 792 1760 830 ad-

227 866 361 901 iuncta
401 861 444 902 L.
477 862 653 905 Tarutii,
697 862 787 911 ‘qui
827 860 977 898 Graece
1010 860 1056 898 de
1100 862 1216 899 astris
1259 852 1455 910 scripsit,’
1505 865 1544 898 et
1582 860 1762 899 Caesaris

228 931 452 975 dictatoris,
486 931 577 981 ‘qui
610 929 743 972 item’,
780 928 1016 980 quibuscum
1050 930 1090 967 iu
1122 927 1252 966 indice
1285 916 1371 966 eius
1400 926 1493 966 libri
1525 929 1761 966 coniunctus

227 1013 246 1038 a
279 999 406 1038 Plinio
444 996 622 1049 prolatus
663 1002 734 1035 est.
795 996 890 1034 hinc
929 1008 1026 1034 uero
1066 998 1183 1035 etiam
1225 998 1264 1034 in
1305 995 1394 1034 libr.
1426 995 1460 1033 ΙΙ
1501 1001 1540 1033 et
1570 995 1761 1034 XXXVIlI

229 1066 431 1107 indicibus
462 1064 507 1110 Q.
539 1064 765 1103 Tuberonis
805 1075 881 1102 non
921 1064 1109 1103 historias
1140 1063 1207 1102 sed
1239 1065 1550 1102 astronomicum
1591 1063 1761 1115 aliquem

229 1135 376 1181 librum
408 1134 670 1183 significatum
705 1144 791 1170 esse
824 1132 999 1182 adparet.
1014 1129 1040 1183 1)

342 1201 418 1240 Sed
452 1200 495 1246 Q.
519 1200 743 1239 Tuberonis
774 1199 898 1238 libros
930 1199 1175 1239 historias
1207 1202 1419 1251 inscriptos
1452 1212 1551 1247 esse,
1587 1201 1763 1238 omnium

232 1272 472 1321 scriptorum
512 1280 705 1306 censensu
750 1266 861 1317 (Gell.
897 1267 943 1305 fr.
974 1265 1015 1306 4.
1047 1264 1086 1306 8.
1119 1265 1158 1306 9.
1198 1267 1351 1307 Charis.
1391 1266 1431 1306 ὃ.
1471 1267 1569 1306 Non.
1607 1266 1640 1306 1.
1683 1264 1762 1319 10),

229 1340 297 1390 qui
341 1338 643 1388 inscriptionem
684 1336 942 1379 addiderunt,
991 1340 1157 1374 constat.
1218 1335 1313 1374 libri
1355 1337 1562 1374 minimum
1603 1335 1765 1374 suerunt

230 1405 658 1458 quattuordecim,
692 1416 757 1442 res
778 1403 976 1442 Romanae
1000 1417 1018 1442 a
1042 1402 1160 1442 Troia
1184 1415 1323 1442 euersa
1346 1406 1539 1454 repetitae
1565 1403 1624 1454 (fr.
1647 1401 1686 1455 2)
1711 1426 1765 1430 ——

233 1480 312 1513 tum
347 1475 452 1512 enim
487 1484 630 1522 magno
662 1484 751 1510 cum
784 1471 914 1510 studio
947 1474 985 1510 in
1008 1484 1072 1509 res
1095 1471 1288 1510 Troianas
1320 1471 1608 1524 inquirebatur,
1642 1484 1660 1510 a
1686 1470 1764 1509 Tu-

231 1542 379 1580 berone
413 1546 565 1584 autem,
606 1546 649 1578 ut
680 1539 859 1583 uidetur,
899 1542 951 1578 ita
984 1544 1027 1577 ut
1057 1539 1272 1590 mythicum
1313 1539 1486 1578 colorem
1519 1538 1765 1589 abstergeret

234 1610 295 1659 (fr.
328 1607 366 1659 2)
400 1631 454 1635 ——
486 1613 524 1646 et
556 1607 748 1646 deductae
783 1612 874 1645 sunt
905 1620 1028 1658 nsque
1061 1607 1108 1645 ad
1141 1607 1235 1646 belli
1267 1607 1398 1646 ciuilis
1431 1610 1535 1646 inter
1557 1606 1764 1646 Caesarem

232 1684 271 1716 et
302 1677 481 1726 Pompeii
512 1676 612 1725 gesti
646 1677 803 1713 initium
837 1674 896 1723 (fr.
932 1673 1012 1724 11).
1068 1677 1196 1726 primo
1229 1680 1358 1714 autem
1393 1674 1494 1714 libro
1526 1679 1767 1726 peruenerat

232 1747 441 1784 minimum
476 1755 599 1794 usque
632 1742 678 1781 ad
713 1742 896 1781 Seruium
921 1742 1094 1781 Tullium
1129 1743 1190 1794 (fr.
1213 1740 1276 1792 4),
1311 1743 1377 1781 sed
1411 1755 1485 1795 qua
1517 1744 1670 1781 ratione
1702 1754 1764 1779 ce-

235 1819 339 1851 teras
378 1823 442 1849 res
481 1813 519 1849 in
561 1810 738 1860 singulos
776 1810 902 1848 libros
933 1811 1136 1855 ‹liuiserit,
1180 1813 1377 1849 incertum
1410 1816 1482 1850 est.
1544 1811 1766 1860 fragmento

234 1882 340 1918 enim
372 1876 399 1916 4
429 1883 594 1929 excepto
628 1890 768 1922 unum,
805 1878 908 1928 quod
951 1878 998 1916 ad
1038 1891 1154 1929 quam
1196 1891 1278 1916 rem
1321 1880 1518 1930 pertineat
1550 1879 1762 1922 cernimus,

235 1947 367 1986 addito
409 1946 503 1985 libri
544 1958 707 1984 numero
748 1945 794 1982 ail
835 1958 907 1983 nos
946 1951 1207 1996 propagatum
1248 1952 1327 1990 est,
1369 1947 1417 1984 fr.
1452 1943 1497 1990 8,
1541 1958 1618 1996 quo
1657 1945 1766 1984 Atilii

234 2015 372 2063 Reguli
406 2013 644 2065 siq‘q‘ilicium
678 2011 998 2051 ‹·1·mlclissi11111111
1030 2015 1254 2063 expositum
1287 2019 1357 2052 est.
1398 2019 1525 2052 exstat
1556 2014 1661 2051 enim
1692 2013 1766 2052 hoc

235 2085 275 2122 in
308 2095 392 2133 rap.
434 2086 574 2132 quarto
614 2080 706 2119 libri
747 2080 916 2118 Gelliani
958 2080 1022 2118 vn
1056 2080 1130 2130 (Vl)
1163 2083 1220 2119 sic
1259 2083 1470 2132 inscripto:
1523 2081 1627 2127 (mal
1665 2082 1767 2119 idem

238 2151 393 2190 Tubero
439 2160 570 2188 nouae
615 2149 804 2187 historiae
849 2150 899 2186 (Ze
943 2149 1064 2186 Atilio
1099 2148 1254 2196 Reyalo
1299 2160 1324 2187 a
1361 2149 1768 2197 Kar-tltaqz'm'ensz‘bas

237 2225 356 2267 capto
387 2218 530 2256 litteris
559 2217 835 2260 mandauerit,
869 2215 950 2259 ubi,
983 2228 1072 2254 rum
1106 2216 1198 2265 quid
1233 2216 1308 2255 sibi
1341 2216 1460 2255 uellet
1490 2228 1619 2256 nouae
1648 2218 1766 2255 bisco-

236 2289 323 2324 re'ae
354 2286 526 2335 perspici
551 2286 758 2335 nequiret,
791 2284 1016 2321 Gronouius
1038 2296 1125 2321 cnm
1150 2296 1290 2333 magna
1320 2284 1612 2333 probabilitatis
1634 2286 1767 2334 specie

238 2364 344 2392 nona
375 2353 542 2390 lzislore'a
574 2353 744 2389 coniecit
775 2352 1119 2401 fragmentumqne
1153 2351 1245 2389 illud
1277 2363 1348 2389 suo
1381 2351 1482 2390 libro
1514 2351 1667 2390 tribuit.

350 2419 564 2457 ‘Sermone
605 2425 737 2457 tamen
778 2420 938 2469 antiqno
988 2431 1081 2456 usus
1126 2419 1325 2457 all'ectauit
1364 2418 1578 2463 scribere’,
1628 2424 1669 2457 ut
1714 2420 1768 2457 ait

237 2489 480 2539 Pomponius
511 2486 532 2524 l.
567 2500 595 2524 s.
619 2486 665 2531 l.,
699 2486 1032 2536 confirmaturque
1067 2486 1137 2523 hoc
1170 2486 1361 2525 iudicium
1393 2488 1450 2525 eis
1483 2487 1633 2531 formis,
1667 2498 1763 2537 quas

240 2556 391 2595 Nonius
422 2560 461 2593 et
491 2554 694 2593 Charisius
733 2566 778 2591 ex
811 2552 989 2591 historiis
1028 2559 1279 2592 notauerunt.
1340 2554 1628 2593 Auctoritas
1668 2565 1763 2592 uero

240 2625 325 2661 <sins
358 2624 487 2672 magni
527 2636 546 2660 a
580 2621 765 2671 Dionysio
804 2623 1006 2659 aestimata
1039 2626 1117 2665 est,
1157 2634 1248 2660 eum
1289 2621 1439 2660 (liceret
1479 2621 1540 2672 (fr.
1573 2618 1612 2670 3)
1651 2620 1762 2658 Του-

332 2778 356 2818 ¹)
383 2781 425 2811 In
446 2779 508 2810 lib.
529 2778 564 2810 II
589 2777 663 2810 ind.
690 2778 854 2819 sequitur
871 2776 1016 2809 Tubero
1042 2777 1164 2809 Titum
1183 2777 1379 2809 Caesarem
1405 2778 1675 2819 imperatorem,
1702 2776 1766 2817 qui

242 2834 284 2867 de
312 2835 460 2866 acontia
487 2839 628 2867 cometa
655 2835 868 2877 perscripsit
892 2833 1083 2877 praeclaro
1109 2834 1267 2867 carmine
1294 2833 1343 2875 (II
1368 2832 1438 2875 89).
