1884 3213
249 193 331 232 212
865 189 1166 233 RELLIQVIAE

250 310 393 347 veteris
432 310 537 345 inter
576 313 722 345 metum
764 307 1035 359 pudoremque
1076 307 1297 357 ambiguis,
1346 309 1558 359 impetrato
1606 307 1717 359 prius
1756 320 1777 346 a

251 376 497 417 consulibus.
533 381 573 413 ut
608 377 645 413 in
670 376 837 415 Gallum,
872 381 951 413 tam
984 377 1159 414 inaniter
1182 375 1455 426 adrogantem,
1490 388 1667 427 pugnare
1691 388 1776 414 sese

253 445 551 494 permitterent.
586 443 842 494 progreditur
875 443 1073 495 intrepide
1106 443 1363 494 modesteque
1396 443 1578 488 obuiam;
1613 449 1650 482 et
1683 455 1776 482 con-

250 513 490 559 grediuntur
522 517 559 550 et
592 513 817 549 consistunt
849 516 887 549 et
919 511 1235 549 conserebantur
1269 513 1346 549 iam
1378 524 1529 550 manus.
1569 517 1686 563 atque
1720 510 1775 549 ibi

251 582 311 617 uis
344 580 537 630 quaedam
571 579 707 617 diuina
742 580 802 617 lit:
837 591 983 617 coruus
1006 584 1170 630 repente
1204 580 1436 630 inprouisus
1458 579 1617 618 aduolat
1640 584 1678 617 et
1709 591 1773 617 su-

252 660 321 698 per
360 648 513 697 galeam
552 647 709 685 tribuni
750 649 897 685 insistit
937 653 1055 697 atque
1098 646 1189 685 inde
1236 649 1277 685 in
1317 647 1538 685 aduersarii
1578 660 1620 684 os
1661 652 1776 697 atque

251 716 387 753 oculos
419 727 595 766 pugnare
628 716 788 766 incipit;
824 714 1016 759 insilibat,
1050 714 1291 753 obturbabat
1314 721 1351 753 et
1384 715 1585 765 unguibus
1618 727 1775 753 manum

252 783 426 821 laniabat
458 789 495 821 et
536 788 791 833 prospectum
834 782 906 820 alis
947 782 1107 821 arcebat
1141 787 1278 833 atque,
1322 782 1392 820 ubi
1430 784 1526 821 satis
1564 784 1776 827 saeuierat,

252 850 457 889 reuolabat
497 852 537 888 in
584 850 735 900 galeam
784 849 950 888 tribuni.
1012 850 1079 889 Sic
1127 849 1314 888 tribunus
1359 855 1562 901 spectante
1609 856 1777 900 utroque

250 919 428 956 exercitu
462 923 500 956 et
532 930 598 955 sna
633 919 781 955 uirtute
815 919 932 955 nixus
963 924 1000 955 et
1032 930 1150 969 opera
1192 918 1298 956 alitis
1330 923 1601 969 propugnatus
1633 918 1774 955 ducem

252 987 425 1023 bostium
458 986 751 1024 ferocissimum
795 984 891 1023 uicit
930 986 1216 1037 interfecitque
1250 991 1366 1036 atque
1400 985 1450 1023 ob
1485 987 1583 1023 banc
1617 998 1775 1023 eausam

250 1066 471 1102 cognomen
512 1053 653 1091 habuit
687 1055 898 1091 Coruinus,
963 1053 1002 1090 ld
1041 1056 1190 1092 sactum
1231 1059 1289 1091 est
1321 1055 1435 1091 anuis
1474 1053 1776 1104 quadringentis

250 1122 425 1172 quinque
458 1126 545 1172 post
576 1120 740 1158 Romam
773 1121 986 1159 conditam.

251 1291 382 1320 armis
422 1290 620 1331 insignis
659 1290 898 1331 quatiensque
936 1294 1078 1321 scutum
1116 1290 1227 1321 hasta
1266 1300 1343 1321 cum
1383 1289 1569 1321 silentium
1612 1290 1773 1330 fecisset,

251 1338 426 1376 prouocat
450 1345 516 1376 per
542 1335 780 1376 interpretem
808 1346 915 1366 unuin
942 1346 985 1367 ex
1012 1336 1201 1371 Romanis,
1229 1336 1288 1376 qui
1316 1346 1438 1367 secum
1467 1337 1563 1367 ferro
1590 1336 1774 1368 decernat.

250 1382 296 1410 M.
318 1384 397 1411 erat
419 1380 625 1412 Valerius
652 1381 862 1412 tribunus
888 1380 1039 1411 militum
1069 1381 1301 1420 adulescens,
1323 1382 1384 1423 qui
1409 1381 1505 1412 haud
1533 1381 1775 1423 indigniorem

251 1438 292 1456 vo
320 1426 450 1457 decore
484 1436 520 1456 se
555 1436 662 1467 quam
689 1426 729 1456 T.
754 1425 930 1457 Manlium
967 1430 1085 1466 ratus,
1129 1427 1228 1467 prius
1261 1427 1532 1458 sciscitatus
1573 1427 1775 1459 consulis

250 1470 535 1502 uoluntatem
560 1472 598 1502 in
624 1470 780 1502 medium
809 1474 970 1502 armatus
996 1472 1235 1512 processit.
1286 1472 1404 1503 minus
1429 1472 1572 1513 insigne
1593 1476 1775 1503 certamen

249 1517 443 1548 humanum
487 1517 633 1547 numine
672 1517 888 1557 interposito
925 1516 1073 1548 deorum
1115 1517 1269 1548 factum:
1312 1527 1468 1558 namque
1509 1518 1775 1548 conserenti

250 1562 334 1592 lam
361 1572 526 1593 manum
554 1562 716 1593 Romano
743 1572 873 1594 coruus
898 1566 1049 1603 repente
1076 1562 1111 1592 in
1140 1562 1246 1603 galea
1263 1562 1440 1599 consedit,
1467 1562 1503 1592 in
1530 1562 1670 1593 hostem
1696 1572 1773 1593 uer—

249 1617 322 1640 sus.
371 1607 466 1647 quod
497 1608 612 1648 primo
644 1610 683 1638 ut
715 1607 904 1648 augurium
938 1607 1039 1639 caelo
1076 1608 1225 1639 missum
1262 1607 1382 1639 laetus
1414 1607 1560 1649 aceepit
1596 1607 1774 1647 tribuum,

250 1656 422 1693 precatus
454 1652 605 1691 deinde,
641 1652 670 1684 si
704 1653 827 1691 diuus⁷
862 1653 892 1683 si
923 1651 1009 1683 diua
1041 1657 1138 1684 esset
1171 1653 1231 1693 qui
1263 1653 1333 1684 sibi
1360 1656 1570 1694 praepetem
1601 1653 1774 1688 misisset,

250 1697 377 1728 uolens
404 1697 580 1739 propitius
608 1697 769 1731 adesset.
810 1698 911 1728 dictu
936 1698 1117 1737 mirabile⁷
1144 1698 1263 1728 tenuit
1288 1708 1358 1729 non
1385 1697 1499 1729 solum
1526 1698 1605 1729 ales
1629 1701 1774 1739 captam

249 1743 362 1773 semel
388 1743 525 1779 sedem,
562 1743 624 1773 sed
653 1743 977 1783 quotienscumque
1010 1747 1197 1774 certamen
1222 1743 1350 1774 initum
1378 1747 1450 1783 est,
1488 1743 1616 1774 leuans
1641 1753 1679 1774 se
1706 1743 1775 1774 alis

249 1799 296 1818 os
323 1788 569 1828 oculosque
596 1788 742 1819 hostis
769 1791 885 1819 rostro
913 1792 949 1819 et
974 1789 1155 1829 unguibus
1181 1788 1335 1829 adpetit,
1362 1788 1475 1820 donee
1502 1788 1667 1819 territum
1694 1798 1774 1830 pro·

249 1833 339 1873 digii
366 1832 452 1863 talis
477 1833 558 1864 uisu
585 1833 770 1873 oculisque
798 1832 904 1864 simul
932 1844 974 1864 ae
1002 1830 1122 1865 mente
1155 1834 1340 1865 turbatum
1368 1833 1539 1865 Valerius
1565 1834 1772 1865 obtruncat.

250 1888 380 1909 coruus
407 1888 451 1909 ex
478 1882 678 1919 conspectu
705 1879 826 1909 elatus
852 1878 1029 1909 orientem
1056 1879 1162 1920 petit.
1210 1879 1388 1910 hactenus
1414 1880 1561 1919 quietae
1594 1879 1773 1919 utrimque

250 1923 431 1953 stationes
458 1923 570 1954 fuere.
620 1926 812 1964 postquam
838 1923 995 1964 spoliare
1022 1934 1152 1964 corpus
1178 1924 1277 1954 caesi
1302 1924 1419 1955 hostis
1446 1924 1613 1955 tribunus
1639 1924 1772 1965 coepit,

1802 923 1831 946 10

251 1978 313 1998 nee
348 1967 445 1999 Galli
483 1978 520 1999 se
553 1968 710 1999 statione
752 1972 965 2007 tenuerunt,
999 1972 1034 1999 et
1066 1969 1309 2000 Romanorum
1348 1979 1475 2000 cursus
1513 1966 1560 2000 ad
1596 1969 1773 2000 uictorem
1805 1973 1811 1978 “
1846 1962 1857 1970 “

249 2015 360 2044 etiam
394 2014 493 2044 ocior
527 2013 608 2046 fuit,
661 2014 711 2044 ibi
738 2014 836 2044 circa
868 2013 1027 2045 iacentis
1055 2014 1152 2045 Galli
1186 2024 1317 2055 eorpus
1350 2017 1538 2045 contracto
1571 2014 1772 2045 certamine

250 2069 372 2099 pugna
399 2062 502 2089 atrox
530 2058 746 2089 concitatur.
765 2076 809 2080 —
834 2058 960 2090 consul
987 2060 1156 2090 contione
1176 2059 1354 2090 aduocata.
1380 2059 1564 2090 laudatum
1589 2059 1771 2090 tribunum

249 2104 369 2135 decem
402 2104 520 2135 bubus
557 2114 741 2144 aureaque
773 2113 909 2135 corona
941 2103 1062 2135 donat.
1119 2104 1223 2135 Vides
1253 2105 1354 2145 igyitzn·
1386 2115 1456 2135 enm
1487 2106 1540 2135 ιιεί
1570 2105 1603 2134 z'n
1635 2105 1773 2135 minimis

248 2149 348 2180 relms
372 2151 562 2180 consentire
599 2160 669 2180 enm
702 2149 827 2185 Gemm
860 2160 933 2180 num
959 2151 1049 2191 quod
1075 2149 1197 2180 Gellius
1230 2150 1270 2180 tle
1296 2149 1423 2181 duobus
1454 2149 1643 2181 consulibus
1666 2151 1771 2191 loqui-

366 2299 400 2333 1.
434 2302 533 2333 moesi
567 2299 599 2334 R
745 2298 920 2346 ambiguis
950 2294 999 2346 9¹
1138 2301 1255 2346 ipetto
1288 2300 1323 2334 B
1354 2311 1437 2336 cum
1469 2312 1486 2335 a
1517 2302 1617 2336 inter
1648 2305 1662 2336 t
1692 2304 1728 2336 et
1759 2304 1772 2335 t

249 2388 333 2422 sup.
363 2380 428 2413 lin.
470 2378 587 2413 addit.
764 2376 799 2412 2.
842 2365 998 2412 iumanit
1023 2378 1049 2412 L
1106 2366 1234 2414 inianit
1262 2379 1330 2425 Bp
1389 2380 1590 2415 immaniter
1619 2391 1686 2415 am

249 2434 457 2481 adi-gaulem
497 2434 526 2469 L
565 2445 649 2469 eum
689 2445 708 2468 o
747 2436 848 2468 inter
886 2445 903 2468 r
941 2439 976 2469 el
1014 2447 1036 2482 g
1077 2445 1161 2481 sup.
1192 2437 1256 2470 lin.
1436 2436 1473 2472 3.
1514 2435 1596 2471 inde
1634 2447 1704 2471 om.
1735 2447 1770 2471 m

335 2490 371 2525 G.
404 2490 628 2525 aduersarios
660 2495 736 2537 atq;
770 2485 828 2525 R¹
861 2501 962 2525 corr.
996 2501 1073 2526 see.
1106 2503 1151 2528 m.
1213 2491 1427 2527 aduersariis
1459 2498 1530 2539 atq.
1566 2492 1707 2538 LBagJ

251 2547 285 2581 7.
320 2543 461 2595 incipit]
496 2547 589 2593 cepit
618 2558 645 2592 p
760 2546 916 2581 insilibat
946 2543 1069 2581 L¹B¹
1132 2547 1310 2583 insiliebat
1340 2544 1466 2583 L²B²
1524 2547 1680 2583 insibilat
1707 2559 1767 2594 pa

335 2602 589 2649 obturbabatq3
624 2614 709 2650 ung.
737 2614 767 2648 J)
827 2601 1037 2638 obturbabat
1069 2615 1153 2651 ung.
1186 2617 1208 2639 α
1339 2601 1499 2654 manuni]
1533 2606 1652 2652 mayz's
1681 2604 1772 2640 mihi

247 2661 422 2703 placeret
455 2659 605 2694 uoltum.
639 2661 715 2697 uid,
747 2659 852 2694 Lim:
892 2671 931 2693 os
964 2659 1161 2707 oculosque
1203 2661 1315 2695 bostis
1354 2666 1474 2696 rostro
1513 2666 1548 2696 et
1587 2659 1767 2708 unguibus

249 2715 383 2761 appetit
510 2714 546 2749 8.
579 2713 661 2763 alis]
694 2715 779 2750 alias
811 2716 923 2761 Rpm
983 2715 1054 2750 alas
1086 2730 1140 2763 (19
1199 2717 1270 2752 ales
1303 2730 1336 2752 m
1367 2720 1405 2753 in
1437 2728 1556 2763 mary.
1674 2728 1769 2752 arce-

251 2770 324 2818 bat}
358 2773 394 2805 in
428 2772 461 2806 R
494 2782 576 2817 sup.
609 2784 627 2805 e
658 2784 702 2807 m.
733 2783 762 2806 s.
797 2774 951 2817 scripsit
983 2783 1010 2805 r.
1165 2774 1319 2808 seuierat
1351 2774 1423 2808 LB
1595 2773 1630 2810 9.
1662 2784 1768 2808 reuo-

252 2826 337 2859 l‹·l›at
373 2840 395 2861 α
574 2829 634 2862 ll).
669 2824 813 2876 ducem]
846 2827 952 2863 ducet
985 2840 1006 2862 a
1186 2830 1246 2864 12.
1279 2831 1377 2864 anuis
1411 2829 1766 2878 quadriugentesimo

250 2883 374 2927 «punto
405 2896 427 2929 gs
487 2895 579 2918 anno
612 2885 886 2931 ‹pizuli-agesimo
919 2885 1044 2931 quinto
1076 2897 1098 2920 (ι
1246 2897 1350 2921 ‚cccc
1385 2898 1413 2921 v.
1444 2897 1485 2932 p.
