1884 3213
97 580 112 604 5

83 918 113 942 10

573 190 612 226 C.
637 190 807 223 LICINII
833 189 985 222 MACRI
1011 189 1233 222 ANNALES
1585 187 1668 229 305

140 309 248 344 creat
295 304 336 343 L.
378 305 582 356 Papirium
622 303 863 354 Mugilanum
904 304 944 341 L.
984 304 1266 353 Sempronium
1306 304 1541 342 Atratinum.
1606 303 1666 340 his

138 371 371 410 consulibus
412 385 501 411 cum
532 370 770 410 Ardeatibus
807 371 946 409 foedus
977 376 1212 409 renouatum
1243 376 1314 409 est.
1377 370 1494 421 idque
1526 382 1665 408 monu-

139 441 262 478 menti
301 445 359 478 est
391 440 575 478 consules
607 452 674 477 eos
706 439 773 476 illo
805 451 908 476 anno
939 440 1082 482 fuisse,
1123 440 1190 489 qui
1222 451 1349 489 neque
1383 440 1422 476 in
1455 437 1666 475 annalibus

138 507 282 557 priscis
322 519 450 557 neque
483 508 523 545 in
555 506 670 544 libris
702 507 1005 555 magistratuum
1039 507 1314 543 inueniuntur.
1376 505 1517 549 credo,
1561 504 1666 556 quod

136 573 291 612 tribuni
322 574 495 612 nlilitum
528 575 642 612 initio
675 574 768 611 anni
807 575 989 617 suerunt,
1023 586 1068 611 eo
1101 573 1266 623 perinde
1299 586 1342 611 ac
1375 575 1407 610 si
1441 578 1566 611 totum
1597 585 1665 610 an-

138 653 230 679 num
265 643 304 679 in
333 642 501 692 imperio
534 642 697 684 suerint,
730 641 907 678 sull'ectis
938 642 988 678 iis
1019 640 1252 678 consulibus
1283 641 1564 691 praetermissa
1596 653 1664 678 uo-

138 709 244 746 mina
275 708 485 747 consulum
517 708 672 746 horum.
733 707 910 745 Licinius
942 708 1072 746 Macer
1104 713 1241 746 auctor
1273 713 1331 745 est
1363 713 1401 745 et
1433 709 1473 745 in
1505 707 1666 746 foedere

137 775 350 814 Ardeatino
384 780 422 814 et
453 777 495 813 in
528 775 663 813 linteis
697 774 812 812 libris
845 774 891 812 ad
922 774 1102 813 Monetae
1135 777 1311 813 inuenta.

252 840 323 881 14.
356 843 441 881 Liu.
459 843 556 881 IIII
585 839 652 886 23,
688 841 706 878 1
740 841 909 880 Eosdem
942 842 1126 880 consules
1159 843 1382 893 insequenti
1406 854 1508 880 anno
1539 842 1667 880 refec-

138 915 199 948 tos
245 910 389 949 Iulium
434 912 601 948 tertium
640 909 873 959 Verginium
918 910 1064 948 iterum
1113 909 1215 959 apud
1255 909 1431 947 Macrum
1469 909 1668 948 Licinium

139 1116 405 1173 ἀποδιδόντες,
434 1122 508 1155 εἴτε
535 1118 716 1179 βρύλεται
742 1120 979 1174 χιλιάρχους
989 1121 1064 1155 εἰτε
1082 1116 1251 1160 ὑπάτους
1269 1115 1489 1163 αποδεῑξαι,
1516 1122 1669 1163 κρίναν-

138 1177 200 1220 τος
232 1162 351 1199 αὐτοῦ
384 1165 514 1208 μένειν
551 1162 612 1201 ἐπὶ
652 1171 732 1206 τοῖς
765 1164 945 1219 εξαρχῆς
944 1162 1157 1219 ἐθισμοῖς
1191 1162 1387 1200 ἀπέδοσαν
1426 1169 1504 1205 τοῖς
1536 1167 1669 1217 {3⁰¹’,20’

138 1209 266 1262 μένοις
292 1212 366 1244 τῶν
390 1213 601 1264 πατρικίων
626 1211 799 1254 μετιέναι
831 1211 901 1256 τήν
927 1206 1075 1245 ὕπατον
1102 1207 1235 1254 αρχήν,
1265 1210 1329 1244 καὶ
1355 1212 1523 1268 γίνονται
1551 1207 1668 1244 παλιν

140 1251 179 1288 ἐκ
212 1254 287 1289 τῶν
317 1257 528 1309 πατρικίων
558 1254 700 1290 ὕπατοι
736 1255 899 1295 Λεύκιος
926 1257 1118 1310 Παπίριος
1144 1252 1388 1307 Μογιλλανος
1413 1255 1479 1289 καὶ
1505 1252 1667 1295 Λεύκιος

140 1299 390 1353 Σεμπρωνιος
413 1297 636 1354 Ἀτρατῖνος,
664 1297 748 1341 ἕνὸς
775 1302 849 1335 τῶν
875 1298 1142 1354 ἀποθεμένων
1157 1297 1227 1344 τήν
1247 1301 1464 1356 χιλιαρχίαν
1483 1296 1668 1343 αδελφός.

138 1344 254 1379 αὗται
293 1341 362 1379 δύο
398 1358 496 1379 κατα
532 1344 599 1380 τὸν
631 1342 750 1380 αυτὸν
782 1343 966 1380 ἐνιαυτὸν
990 1342 1115 1399 αρχαὶ
1135 1342 1333 1400 Ρωμαίων
1360 1343 1401 1379 αἴ
1424 1343 1465 1379 τὸ
1492 1344 1669 1389 μέγιστον

138 1388 292 1433 ἔχουσαι
318 1386 469 1444 κροὶτος
483 1387 672 1434 ἐγένοντο.
704 1388 804 1435 πλὴν
823 1387 891 1425 οὐκ
912 1388 954 1426 έν
978 1388 1147 1430 ἁπασαις
1172 1395 1258 1430 ταῖς
1277 1388 1509 1446 ζΡωμαϊκαις
1535 1402 1666 1440 χρονο-

137 1436 339 1491 γραφίαις
360 1432 577 1491 αμφότεραι
611 1436 813 1491 φέρονται,
854 1432 938 1470 ἀλλ’
975 1432 1015 1470 ἕν
1052 1434 1114 1475 αἷς
1147 1433 1218 1487 μὲν
1251 1433 1289 1469 οἵ
1318 1437 1506 1488 χιλιάρχοι
1537 1447 1667 1488 μονον,

141 1476 181 1513 ἐν
208 1484 268 1519 αις
300 1475 339 1513 δ’
368 1478 406 1514 οἷ
428 1476 589 1522 ὕπατοι,
618 1478 664 1515 ἐν
691 1476 741 1514 οὗ
766 1483 961 1520 πολλαῖς
987 1477 1032 1514 δ’
1055 1476 1327 1536 αμφότεροι,
1364 1484 1425 1519 αἱς
1456 1477 1567 1534 ἡμεις
1600 1476 1668 1514 οὐκ

142 1520 236 1558 ἄνευ
275 1525 455 1569 λογισμοῦ
479 1524 883 1584 συγκατατιθέμεθα,
922 1522 1232 1565 πιστεύοντες
1270 1524 1319 1559 δὲ
1357 1529 1461 1564 ταῖς
1498 1521 1544 1558 ἐκ
1581 1525 1668 1559 τῶν

141 1567 276 1625 ἷερῶν
320 1583 366 1604 τε
411 1570 490 1605 και
523 1567 768 1605 ἀποθέτων
805 1572 976 1624 βίβλων
1020 1571 1310 1622 μαρτυρίαις.
1367 1565 1459 1603 ἄλλο
1490 1568 1566 1622 μὲν
1600 1581 1669 1604 ουν

140 1612 255 1648 ουδὲν
292 1611 352 1649 ἐπι
391 1616 459 1659 τῆς
491 1612 636 1649 τούτων
669 1612 808 1660 ἀρχῆς,
848 1611 936 1650 ου’τε
968 1613 1175 1667 πολεμικὸν
1206 1610 1294 1649 οὔτε
1326 1611 1522 1648 πολιτικὸν
1556 1613 1595 1658 ἕρ

139 1657 308 1702 ἷστοριάς
334 1657 443 1702 ἄξιον
471 1657 660 1705 ἐπράχθη,
688 1662 882 1705 συνθῆκαι
916 1659 959 1695 δὲ
991 1658 1084 1702 πρὸς
1120 1657 1190 1712 τὴν
1211 1655 1417 1713 Ἀρδεατῶν
1449 1657 1562 1693 πόλιν
1587 1626 1667 1703 εζιέ-

139 1717 249 1738 νοντο
274 1705 360 1747 περὶ
389 1706 523 1756 φιλίας
549 1718 588 1739 τε
614 1707 678 1739 καὶ
707 1718 936 1749 συμμαχιας.
965 1702 1278 1758 ἐπρεσβεύσαντο
1291 1718 1363 1748 γαρ
1389 1701 1667 1758 ἀποτιθέμενοι

138 1762 185 1783 τα
212 1749 298 1801 περὶ
324 1751 390 1794 τῆς
417 1747 539 1793 χώρας
556 1748 785 1803 ἐγκλήματα
809 1749 1125 1803 παρακαλοῦντες
1144 1750 1251 1801 φίλοι
1272 1746 1465 1803 Ρωμαίων
1482 1748 1667 1805 ’γενέσθαι

139 1794 205 1828 καὶ
241 1791 443 1838 σύμμαχοι.
493 1791 634 1834 ταύτας
660 1809 727 1835 τας
755 1795 954 1839 συνθήκας
986 1793 1027 1829 τὸ
1062 1809 1136 1829 των
1167 1791 1323 1828 ὑπατων
1357 1792 1511 1837 αρχεῐον
1536 1790 1669 1828 ἐπεκύ·

140 1851 244 1881 ρωσε.
288 1842 402 1873 Etiam
423 1842 539 1874 Civem
566 1843 625 1874 llos·
650 1845 801 1874 eonsules
827 1845 919 1874 nouit
944 1841 1005 1883 (ad
1025 1843 1108 1882 fam.
1133 1842 1256 1873 VIIII
1280 1843 1336 1882 21,
1355 1840 1410 1881 2)·
1439 1841 1508 1873 Sed
1534 1844 1667 1879 tamen,

140 1886 188 1916 mi
216 1887 344 1926 Paete,
372 1889 433 1927 qui
460 1887 528 1918 tibi
555 1887 657 1919 uenit
683 1887 720 1918 in
745 1891 899 1919 mentem
917 1897 1054 1928 negare
1074 1887 1259 1928 Papirium
1278 1896 1493 1928 quemquam
1510 1896 1667 1927 unquam

140 1931 211 1962 nisi
237 1931 420 1972 plebeium
447 1931 584 1963 fuisse?
627 1932 776 1963 fuerunt
810 1933 903 1963 enim
937 1932 1082 1973 patricii
1106 1932 1282 1963 min01u1n
1308 1931 1489 1972 gentium,
1517 1940 1667 1971 quorum

140 1976 310 2017 princeps
341 1976 382 2007 L.
417 1976 589 2018 Papirius
622 1977 863 2018 Mugillanus,
911 1977 973 2018 qui
1010 1987 1140 2008 censor
1179 1974 1323 2017 [consul
1360 1977 1436 2007 cod.
1475 1976 1568 2008 lled.
1607 1986 1666 2006 ern.

141 2018 292 2063 Manem]
322 2031 401 2052 eum
420 2022 460 2052 L.
481 2022 694 2063 Sempronio
720 2023 891 2053 AtratIno
918 2022 1001 2062 fuit,
1030 2032 1108 2053 eum
1134 2025 1243 2052 antea
1261 2021 1384 2052 consul
1413 2018 1556 2061 [censor
1573 2017 1664 2061 conl]

142 2075 221 2097 eum
248 2065 373 2097 eodem
400 2066 542 2106 fuisset,
570 2068 676 2098 annis
703 2071 784 2109 post
810 2067 961 2098 Romam
989 2066 1172 2098 conditam
1199 2066 1379 2098 CCCXII
1420 2066 1463 2104 ef.
1486 2065 1667 2096 Mommsen

141 2111 290 2143 chronol.
316 2122 352 2152 p.
379 2112 422 2144 88
446 2122 540 2153 seqq.

258 2292 292 2328 1.
327 2291 457 2329 lucium
489 2294 674 2342 papyrium
706 2294 834 2332 Pares.
960 2295 988 2331 is
1020 2306 1126 2331 conss
1160 2294 1294 2330 Veron.
1412 2292 1448 2331 2.
1481 2292 1518 2329 3.
1551 2304 1669 2328 mons—

141 2350 249 2384 menti
285 2350 420 2385 Veron.
538 2351 575 2386 3.
609 2362 651 2386 eo
673 2351 734 2387 illo
767 2352 902 2388 Veron.
1022 2363 1085 2386 nee
1117 2351 1251 2386 Veron.
1369 2350 1407 2385 4.
1430 2360 1500 2396 neq
1534 2349 1667 2384 Veron.

142 2405 179 2440 5.
212 2404 361 2441 fuciunt
393 2406 466 2441 let
470 2418 530 2442 on
562 2409 613 2442 ita
655 2412 778 2443 tomen
812 2413 851 2443 ut
883 2414 895 2443 t
926 2420 998 2443 non
1028 2409 1147 2453 possit
1178 2419 1200 2441 a
1232 2406 1461 2441 Mommsen«)
1492 2406 1671 2451 sponderi

142 2460 201 2505 eo]
232 2473 272 2496 ax
316 2462 448 2498 Veron.
576 2463 743 2509 postinde
773 2465 899 2500 Paris.
1024 2476 1061 2498 ae
1093 2459 1140 2511 si]
1175 2474 1214 2497 ae
1255 2461 1391 2499 Veron.
1526 2463 1560 2497 (5.
1593 2461 1668 2495 sus-

142 2515 225 2552 secti
252 2517 256 2560 l
284 2518 346 2552 siis
388 2518 523 2554 Veron.
586 2518 744 2554 suffectis
775 2521 816 2554 iis
848 2531 947 2555 cons.
981 2521 1051 2555 del.
1077 2519 1188 2554 Creu.
1248 2518 1416 2553 suffectos
1439 2518 1479 2551 iis
1502 2516 1668 2552 eonsules

140 2574 424 2619 praetermissos.
485 2574 633 2609 Nomina
671 2575 858 2610 consulum
900 2576 1025 2611 horum
1065 2574 1219 2609 Licinius
1251 2574 1406 2619 Madniy
1443 2584 1509 2607 em.
1542 2585 1580 2617 p.
1616 2572 1665 2607 91

142 2628 373 2664 suffectorum
406 2630 447 2664 iis
480 2629 666 2665 consulum
699 2631 948 2677 praetermissa
980 2631 1132 2666 nomina.
1194 2629 1347 2664 Licinius
1368 2647 1421 2653 —-
1444 2629 1483 2663 ad
1507 2628 1667 2663 Monetae

142 2695 179 2718 ea
210 2685 355 2720 inuenta
391 2686 455 2721 Tlc.
490 2686 693 2721 Mommsen
726 2688 772 2722 cle
803 2688 883 2722 eod.
928 2688 1010 2723 Ver.
1039 2686 1190 2731 p.193.
1238 2696 1303 2731 eqo
1334 2686 1529 2730 suspicor.-
1568 2694 1668 2731 prae-

142 2741 303 2776 termissa
340 2744 505 2777 nomina.
567 2742 708 2776 nomina
747 2743 935 2778 consulum
972 2743 1099 2778 horum
1131 2740 1284 2775 Licinius
1409 2740 1443 2775 7.
1476 2737 1528 2786 et]
1562 2740 1667 2774 etiam

155 2796 287 2832 Veron.
405 2797 441 2833 8.
475 2804 639 2833 monatea
682 2798 817 2834 Veron.

257 2869 329 2921 14,
365 2875 425 2911 10.
459 2876 614 2910 licinium
648 2887 803 2911 macrum
846 2878 981 2913 Veron.

244 2949 351 2979 ΡΕΤΕκ,
372 2949 454 2974 nist.
475 2950 560 2975 Rom.
581 2950 646 2974 rell.
692 2951 717 2975 Ι.
1330 2938 1393 2969 XX

1692 817 1759 848 434

1693 876 1760 906 320
