1884 3213
154 415 214 462 l9l

150 473 213 501 51]ἶὶ

153 1164 166 1209 ¹,
173 1162 216 1209 83

151 1219 215 1249 565

249 184 330 225 256
876 184 1178 226 RELLIQVIAE

243 252 248 266 ‚
339 241 443 283 ,πᾳ

241 301 533 339 dedicationem
567 301 652 339 eius
684 302 793 345 sacti,
828 314 928 351 quos
958 302 1111 352 primos
1142 303 1348 340 scaenicos
1379 302 1501 341 fuisse
1534 302 1669 341 Antias
1700 302 1771 341 Va-

241 369 366 410 lerius
398 374 456 407 est
489 374 641 414 auctor,
674 368 886 419 Megalesia
919 368 1150 420 appellatos.

355 434 428 475 41.
463 437 550 475 Liu.
583 436 780 476 XXXV]
799 435 866 484 38,
901 435 927 475 5
958 436 1122 475 Duobus
1154 438 1238 476 sere
1269 443 1359 488 post
1379 438 1586 477 mensibus
1610 439 1651 477 P.
1677 440 1770 477 Cor-

242 504 370 543 nelius
411 505 549 543 consul
584 517 674 543 611111
705 505 895 543 Βο101·11111
929 506 1109 543 exercitu
1151 506 1275 555 signis
1307 505 1476 545 conlatis
1508 508 1667 556 egregie
1701 519 1770 557 pu-

239 575 387 623 gnauit.
422 572 720 623 duodetriginta
751 573 861 612 milia
893 572 1069 613 hostium
1102 577 1232 614 occisa
1254 575 1390 612 Antias
1410 573 1592 612 Valerius
1614 574 1770 618 scribit,
1809 580 1824 605 5

240 647 350 692 capta
383 642 457 680 tria
490 641 598 680 milia
631 646 669 680 et
700 641 1035 693 quadringentos,
1070 644 1182 693 signa
1213 642 1402 681 militaria
1435 646 1595 681 centum
1627 644 1772 692 uiginti

240 713 446 759 quatnmr,
488 721 611 760 equos
650 709 761 748 mille
800 709 992 748 ducentos
1024 712 1208 761 triginta,
1256 715 1443 761 carpenta
1475 709 1645 748 ducenta
1677 722 1770 761 qua-

241 776 421 826 draginta
454 783 617 828 septem,
653 790 699 815 ex
723 776 948 816 uictoribus
970 778 1078 817 mille
1101 779 1412 829 quadringentos
1435 779 1635 828 octoginta
1658 782 1770 828 quat-

241 850 332 883 tuor
376 844 581 883 cecidisse.
646 844 716 883 ubi
770 851 813 884 ut
859 847 899 883 111
949 858 1116 884 numero
1162 847 1349 897 scriptori
1395 857 1535 896 parum
1577 845 1668 884 fidei
1707 847 1770 890 sit,

241 914 331 962 quia
363 914 402 951 in
434 913 613 963 augendo
647 925 692 951 eo
725 925 804 952 non
835 913 936 951 alius
968 915 1299 964 intemperantior
1332 918 1402 957 est,
1435 924 1615 963 magnam
1638 918 1819 951 tamenn>

241 982 455 1019 uictoriam
496 981 619 1019 fuisse
652 980 835 1032 adparet,
877 981 983 1031 quod
1016 987 1054 1019 et
1085 987 1212 1020 castra
1245 986 1358 1032 capta
1389 985 1482 1018 511111
1513 985 1552 1018 61
1580 980 1652 1019 Βο1
1682 987 1773 1032 post

242 1060 327 1087 eam
358 1060 531 1100 pugnam
563 1048 762 1099 extemplo
795 1048 1034 1087 dediderunt
1066 1061 1173 1093 sese,
1207 1053 1246 1087 61
1277 1048 1382 1100 quod
1413 1048 1653 1099 supplicatio
1685 1049 1771 1087 eius

241 1117 435 1155 uictoriae
467 1129 584 1156 causa
617 1115 775 1154 decreta
808 1115 855 1154 ab
888 1121 1027 1155 senatu
1060 1117 1327 1167 uictimaeque
1358 1118 1530 1155 maiores
1562 1128 1712 1155 caesae.

355 1181 429 1223 42.
469 1185 556 1223 Liu.
587 1183 809 1222 XXXVII
841 1180 896 1222 48
941 1183 990 1222 M.
1030 1183 1174 1223 Fuluio
1204 1183 1411 1223 Nobiliore
1451 1189 1489 1222 et
1520 1183 1589 1223 Cn.
1622 1184 1770 1223 Manlio

242 1252 410 1291 Volsone
442 1251 677 1291 consulibus
699 1251 879 1289 Valerius
900 1252 1036 1291 Antias
1068 1257 1207 1290 auctor
1240 1257 1299 1290 651
1330 1263 1535 1290 rumorem
1566 1251 1770 1291 celebrem
1796 1257 1827 1282 15

240 1320 388 1359 Romae
428 1322 552 1359 fuisse
591 1325 630 1358 61
668 1332 794 1370 paene
828 1331 900 1370 pro
932 1324 1042 1358 certo
1074 1319 1275 1364 habitum,
1314 1319 1537 1371 recipiendi
1569 1319 1770 1371 Scipionis

243 1388 508 1427 adulescentis
550 1400 667 1427 causa
699 1387 905 1426 consulem
936 1387 977 1425 L.
1011 1387 1241 1439 Scipionem
1273 1392 1312 1426 et
1342 1399 1432 1426 cum
1465 1399 1511 1425 eo
1543 1387 1584 1425 P.
1617 1389 1768 1427 Africa-

242 1468 338 1495 num
370 1457 412 1495 in
453 1455 711 1507 conloquium
751 1460 939 1494 euocatos
977 1457 1084 1506 regis
1118 1453 1343 1506 [Antiochi]
1378 1460 1416 1493 61
1447 1456 1554 1506 ipsos
1586 1466 1767 1506 compre-

242 1524 388 1563 hensos
420 1536 519 1568 esse,
554 1530 592 1561 et
624 1523 796 1562 ducibus
827 1525 952 1575 captis
983 1525 1194 1563 confestim
1227 1522 1275 1561 ad
1307 1527 1437 1562 castra
1458 1522 1633 1561 Romana
1656 1534 1767 1561 exer-

241 1594 366 1630 citum
389 1591 551 1630 ductum
574 1604 698 1643 eaque
721 1596 942 1643 expugnata
965 1596 1004 1630 et
1025 1591 1174 1630 deletas
1199 1592 1329 1629 omnis
1351 1592 1486 1642 copias
1499 1590 1767 1631 Romanorum
1793 1597 1826 1622 20

242 1671 340 1698 6556.
403 1658 454 1697 01)
500 1659 597 1699 haec
637 1660 797 1699 Aetolos
835 1659 1043 1698 sustulisse
1082 1661 1236 1698 animos
1273 1664 1312 1698 et
1349 1658 1535 1698 abnuisse
1576 1660 1768 1711 imperata

330 1838 393 1873 41.
420 1841 573 1873 Eundem
603 1840 735 1873 Valerii
766 1851 934 1872 numerum
965 1841 1084 1872 Liuius
1116 1851 1143 1872 ο.
1169 1842 1222 1878 40,
1249 1841 1269 1872 5
1301 1839 1491 1881 Scipionem
1527 1840 1767 1881 significantem

237 1887 338 1926 fucit:
373 1885 463 1917 Plus
488 1889 630 1928 partem
656 1885 841 1918 dimidiam
869 1896 913 1917 ex
938 1886 1203 1928 quinquaginta
1226 1885 1374 1918 milibus
1397 1885 1581 1918 hominum
1608 1895 1765 1920 caesam,

240 1930 356 1962 multa
380 1930 480 1962 milia
507 1934 634 1972 capta,
660 1940 767 1962 senes
799 1941 1002 1973 puerosque
1028 1931 1115 1963 Bois
1142 1941 1346 1973 superesse.
1382 1932 1470 1963 unde
1494 1931 1593 1962 etiam
1617 1941 1647 1963 6.
1674 1932 1717 1963 39
1734 1935 1767 1962 et

240 1978 302 2016 40,
338 1976 454 2018 quibus
485 1977 526 2007 de
559 1975 729 2017 Scipionis
760 1977 925 2017 triumpho
960 1978 1091 2017 agitur,
1125 1977 1171 2008 ad
1201 1977 1353 2007 Antiatis
1385 1977 1622 2008 auctoritatem
1650 1977 1766 2008 redire

241 2024 358 2054 elucet.
407 2022 529 2053 Nissen
551 2032 588 2062 p.
617 2021 692 2054 186.
717 2038 761 2043 —
791 2021 824 2052 V
825 2023 921 2062 iyinti
944 2022 1033 2052 milia
1065 2024 1177 2054 occisa
1209 2031 1283 2053 esse
1307 2022 1412 2053 minus
1437 2022 1602 2052 adcurate
1628 2020 1767 2054 Orosius

241 2066 331 2097 IIII
356 2067 399 2098 20
424 2067 621 2108 eaescripsit.

329 2109 395 2144 42.
423 2112 612 2153 Scipionem
636 2112 884 2143 adulescentem
907 2116 1041 2153 captum
1066 2122 1139 2143 esse
1166 2112 1283 2143 Liuius
1308 2122 1335 2142 e.
1363 2112 1417 2148 34,
1443 2112 1464 2143 5
1487 2112 1666 2143 seeundum
1683 2112 1767 2143 duos

240 2162 397 2189 auctores
433 2161 656 2188 narrauerat:
695 2156 757 2189 alii
794 2157 975 2199 principio
1013 2156 1099 2188 belli
1140 2167 1162 2188 a
1199 2156 1373 2188 Chalcide
1411 2155 1544 2187 Oreum
1581 2159 1765 2199 petentem

242 2204 529 2234 circumuentum
557 2203 601 2234 ab
629 2202 740 2244 regiis
772 2202 927 2234 nauibus
959 2202 1129 2243 tradunt,
1163 2202 1243 2242 alii,
1279 2206 1472 2244 postquam
1503 2202 1697 2234 transitum
1729 2202 1766 2233 in

355 2354 392 2389 1.
427 2352 464 2389 2.
500 2352 661 2389 Valerius
693 2353 814 2388 Antias
849 2352 1058 2400 (Moqunt.)

353 2415 436 2468 41,
469 2420 505 2456 3.
540 2420 615 2456 sere
646 2433 715 2457 om.
750 2421 885 2457 Bccmb.
1030 2420 1068 2456 4.
1102 2421 1228 2457 consul
1260 2433 1328 2458 om.
1361 2421 1496 2457 Bamb.
1528 2422 1614 2457 add.
1646 2421 1766 2457 Aldus

241 2488 291 2513 eas
323 2476 424 2525 Moy.
560 2476 699 2512 collatis
730 2477 844 2525 signis
876 2477 1011 2513 Bamb.
1045 2489 1080 2513 α.
1112 2488 1215 2514 corr.
1353 2478 1388 2516 6.
1421 2483 1522 2525 capta
1560 2477 1602 2512 111
1640 2483 1675 2513 et
1705 2488 1766 2513 ccc

242 2534 376 2569 Bamb.
524 2533 558 2569 7.
599 2544 712 2581 equos
747 2553 790 2558 —
828 2533 1061 2581 quadraginta
1098 2539 1235 2582 septem
1275 2546 1343 2571 om.
1376 2534 1512 2570 Bamb.
1545 2534 1670 2580 suppl.
1700 2534 1763 2569 Al-

241 2592 311 2626 dus
352 2601 403 2626 ex
441 2590 541 2636 Moy.
689 2590 725 2625 8.
767 2600 808 2625 ex
848 2589 1043 2625 uictoribus
1083 2600 1135 2626 00
1166 2589 1433 2625 CCCCLXXXHI
1474 2591 1608 2626 Bamb.
1669 2589 1764 2625 mille

241 2646 524 2694 quadringentos
557 2647 740 2694 octoginta
764 2651 919 2694 quatuor
939 2646 1059 2682 Aldus
1080 2658 1131 2683 ea:
1152 2647 1252 2695 Moy.
1313 2646 1408 2682 mille
1440 2653 1474 2682 61
1495 2645 1763 2681 CCCCLxxxvl

239 2704 300 2739 lib.
334 2705 422 2750 aliq.
455 2714 533 2739 rec.
653 2703 689 2739 9.
724 2708 764 2738 ut
796 2715 864 2739 om.
898 2703 1032 2739 Bamb.
1065 2704 1151 2739 add.
1183 2704 1283 2751 Moy.
1400 2703 1568 2750 scriptori
1599 2702 1734 2738 Bamb.

353 2765 435 2819 42,
479 2770 540 2808 15.
581 2770 721 2806 Valerio
768 2769 893 2806 Flacco
940 2771 1046 2806 Antio
1086 2776 1212 2806 auctor
1254 2771 1389 2806 Bamb.
1429 2775 1518 2806 ante
1555 2781 1656 2806 corr.

244 2826 306 2861 18.
344 2826 407 2863 19.
445 2824 682 2874 eoniphensos
718 2827 848 2862 Bamb.
995 2826 1059 2862 21.
1099 2828 1267 2875 imperata
1306 2828 1424 2864 Aldus
1455 2838 1506 2863 ex
1536 2827 1637 2875 Moy.
1698 2827 1761 2860 im-

241 2884 336 2930 peria
369 2883 501 2920 Bamb.
