1884 3213
236 208 376 238 CCVIII
590 196 656 228 DE
683 193 996 227 SCRIPTORVM
1022 191 1151 225 VITIS
1179 191 1242 224 ET
1269 190 1490 224 SCRIPTIS

238 313 374 350 harum
409 313 580 348 uitarnm
614 314 746 359 partes
778 309 962 359 spiraret,
996 319 1117 345 uuum
1151 307 1401 358 potissimum
1433 305 1573 343 ducem
1605 303 1759 342 Plutar-

237 380 353 418 1-1111111
386 384 567 417 secutum
601 390 686 415 esse
718 376 847 415 uideri
871 388 999 426 neque
1030 380 1162 413 tamen
1185 387 1421 426 quemquam
1455 386 1501 412 ex
1535 378 1761 411 ceterorum

236 453 443 484 auctorum
478 457 658 489 numero,
693 457 791 495 quos
822 456 893 495 per
926 456 990 482 eas
1023 443 1212 487 laudauit,
1247 442 1293 481 ad
1316 443 1497 493 primarii
1530 441 1642 479 ducis
1673 451 1761 491 par-

237 522 295 553 tes
343 512 580 552 obtinendas
626 514 722 551 satis
771 517 906 563 aptum
952 524 1038 549 esse
1078 510 1339 549 ostendimus.
1401 511 1534 560 itaque
1582 520 1671 547 cum
1720 508 1759 546 C.

235 583 408 621 Fannius
441 582 572 619 animo
612 582 775 619 minime
816 581 1004 618 inimicus
1035 581 1075 617 111
1108 578 1309 619 Gracchos
1349 584 1387 616 et
1418 590 1464 616 ex
1496 577 1673 616 Sallustii
1706 581 1762 614 te-

236 652 436 694 stimonio,
470 651 537 700 qui
569 649 673 687 idem
697 649 781 686 fere
806 647 999 686 iudicium
1032 647 1138 698 quod
1160 646 1398 685 Plutarchus
1420 645 1468 684 (le
1492 644 1763 684 Gracchorum

236 718 415 756 consiliis
446 716 583 756 habuit
620 716 812 766 tlugurth.
845 713 918 759 31,
952 713 990 753 7.
1021 712 1098 759 42,
1135 714 1193 766 l),
1226 716 1268 753 in
1300 713 1511 753 annalibus
1542 714 1624 751 suis
1655 713 1762 751 ucri-

237 788 327 824 tatis
359 785 561 823 studiosus
592 785 727 827 suerit,
763 785 939 822 narratio
969 788 1101 821 autem
1124 782 1361 821 Plutarchea
1394 795 1439 821 ex
1472 783 1584 820 testis
1615 780 1763 820 oculati

237 855 467 892 narratione
501 854 697 903 originem
731 851 878 890 ducere
911 851 1116 896 uideatur,
1150 850 1287 902 quidni
1326 850 1544 894 Fannium,
1585 850 1653 900 qui
1691 861 1761 887 no-

237 924 417 960 minatim
457 922 599 959 citatus
637 926 693 959 est
736 921 778 958 in
817 921 899 957 uita
939 918 1027 958 Tib.
1062 932 1094 958 c.
1126 916 1172 964 4,
1214 918 1317 970 apud
1358 917 1616 956 Plutarchum
1655 917 1763 967 loqui

237 990 438 1028 dieamus?
499 989 650 1027 accedit
691 987 796 1039 quod
840 989 880 1026 in
919 988 1029 1026 hisce
1070 989 1321 1038 potissimum
1358 987 1453 1025 uitis
1490 985 1635 1024 multas
1673 997 1761 1023 ora-

236 1059 365 1095 tiones
398 1059 568 1095 insertas
600 1057 849 1100 inuenimus‚
890 1055 996 1094 idem
1028 1068 1125 1094 uero
1166 1057 1284 1093 etiam
1316 1054 1510 1092 Fannium
1542 1055 1685 1093 fecisse
1717 1065 1761 1092 ex

237 1126 430 1164 Cicemne
479 1126 527 1163 fr.
560 1123 595 1177 5(
634 1125 903 1175 conperimus,
966 1136 1094 1174 neque
1127 1124 1233 1161 enim
1266 1122 1467 1161 adsentior
1499 1121 1540 1160 P.
1572 1121 1763 1160 Boehmio

240 1194 445 1242 &Bee‘crc'lgse
476 1206 554 1232 zur
587 1193 819 1232 Gesclziclzte
849 1193 922 1230 der
955 1192 1178 1235 Grachzen,
1211 1202 1344 1241 progr.
1369 1189 1485 1228 Putb.
1512 1187 1619 1228 1868
1650 1202 1688 1240 p.
1707 1187 1761 1241 5),

237 1263 304 1312 qui
337 1267 495 1312 praeter
527 1261 720 1299 Fannium
754 1261 873 1299 etiam
906 1261 1011 1310 ipsas
1033 1258 1185 1297 Tiberii
1209 1264 1246 1297 et
1269 1258 1356 1297 Gaii
1379 1257 1652 1297 Gracchorum
1674 1269 1761 1296 ora-

239 1331 367 1368 tiones
398 1329 657 1368 Plutarchum
690 1333 780 1367 ante
819 1327 956 1366 oculos
995 1327 1182 1366 habuisse
1224 1328 1408 1377 opinatus
1440 1331 1511 1364 est.
1573 1327 1763 1364 nimirum

238 1397 329 1436 illae
361 1399 481 1435 etiam
513 1399 553 1435 in
585 1396 726 1435 Fannii
758 1395 919 1434 annales
951 1401 1136 1446 receptae
1169 1400 1293 1439 erant,
1328 1400 1378 1438 et,
1411 1395 1443 1432 si
1476 1399 1585 1432 recte
1607 1394 1761 1432 Plutar-

239 1465 356 1503 chum
396 1467 511 1509 noui,
551 1477 717 1516 prorsus
756 1463 996 1501 abhorrebat
1038 1463 1086 1501 ab
1127 1465 1212 1501 eius
1244 1461 1544 1506 consuetudine,
1586 1467 1628 1500 ut
1659 1461 1762 1500 ultra

238 1539 454 1577 auctorem,
488 1546 606 1583 quem
639 1531 898 1575 describeret,
933 1531 978 1569 ad
1012 1533 1097 1569 eius
1129 1532 1259 1569 sontes
1292 1530 1563 1568 descenderet.
1625 1542 1761 1580 quam-

238 1614 355 1652 quam
387 1613 466 1638 non
500 1612 620 1650 nego,
662 1612 752 1638 eum
784 1601 902 1637 etiam
942 1601 981 1637 in
1015 1598 1123 1637 hisce
1162 1598 1276 1637 libris
1308 1598 1420 1636 ducis
1458 1599 1640 1648 primarii
1671 1609 1760 1635 nar-

239 1670 382 1707 rationi
416 1668 607 1719 quaedam
642 1666 699 1717 {ut
719 1666 807 1706 Tib.
833 1664 871 1711 8,
895 1664 1019 1705 3—5.
1055 1666 1137 1705 Gai.
1166 1664 1227 1718 13)
1264 1678 1308 1704 ex
1342 1671 1621 1717 excerptorum
1653 1665 1761 1715 larga

239 1748 342 1787 penu
377 1738 625 1787 inspersisse.
674 1736 723 1774 cs.
758 1747 876 1786 supra
909 1747 946 1785 p.
966 1734 1178 1773 CLXXXV.

241 1894 358 1926 animo
385 1897 535 1926 senatus
560 1894 597 1924 in
623 1893 752 1925 Gaium
772 1892 987 1934 Gracchum,
1014 1894 1049 1924 in
1076 1893 1177 1925 illum
1195 1903 1281 1926 usus
1308 1897 1374 1932 est,
1402 1895 1510 1934 atque
1536 1902 1615 1924 cum
1641 1891 1762 1923 edicto

239 1951 354 1982 socios
381 1961 424 1982 ex
451 1949 539 1981 urbe
566 1948 739 1991 pelleret,
773 1948 908 1981 diserte
935 1949 1075 1981 addidit
1099 1949 1320 1982 Plutarchus
1353 1947 1399 1990 (c.
1426 1950 1485 1989 12,
1519 1947 1550 1990 1)
1580 1947 1761 1990 inpulsum

240 2016 320 2038 cum
347 2016 426 2038 esse
454 2016 474 2037 a
500 2009 645 2037 senatu:
672 1998 788 2047 ὄχλου
815 2001 857 2037 δὲ
885 1999 1136 2048 πανταχόθεν
1161 1999 1264 2050 αὐτῷ
1296 1999 1495 2043 συνιόντος
1527 2001 1713 2037 ἔπεισεν
1737 1998 1760 2046 ἡ

239 2057 356 2104 βουλὴ
384 2056 450 2094 τὸν
475 2055 622 2094 ὕπατον
649 2056 817 2094 Φάννιον
843 2055 1022 2102 ἐκβαλεῖν
1040 2057 1128 2100 τοὺς
1153 2055 1292 2100 ἄλλους
1309 2056 1409 2104 πλὴν
1426 2055 1622 2104 Ῥωμαίων
1639 2053 1761 2092 ἅπαν-

239 2111 317 2156 τοίς.
345 2136 387 2140 -—
413 2118 515 2150 Addo
542 2119 653 2150 etiam
678 2117 766 2157 hoc,
792 2119 827 2149 in
854 2117 908 2149 his
942 2119 1169 2160 potissimum
1200 2118 1388 2150 Plutarchi
1418 2118 1505 2150 uitis
1537 2117 1654 2149 multa
1680 2127 1760 2149 csse

240 2185 332 2216 quac
359 2185 403 2206 ex
429 2184 592 2207 sermone
618 2174 752 2206 Latino
778 2184 885 2206 uersa
911 2184 989 2206 csse
1016 2174 1221 2208 uideantur.
