1884 3213
207 178 257 220 12
830 176 1128 219 RELLIQVIAE

313 289 429 332 Ἐπεὶ
461 289 509 332 δὲ
548 288 661 344 ἀμφὶ
701 288 752 331 τὰ
785 287 1088 331 ὀκτωκαίδεκα
1127 291 1200 344 ἔτη
1231 289 1467 343 γεγονότες
1496 281 1614 345 ἦσαν
1645 289 1726 346 άμ-

204 357 393 412 φίλογόν
424 374 465 399 τι
497 355 598 412 περὶ
627 359 704 412 τῆς
734 360 873 412 νομῆς
904 356 1056 407 αὐτοῖς
1092 359 1264 411 γίνεται
1301 355 1412 412 πρὸς
1449 357 1554 408 τούς
1584 359 1730 414 Νεμέ-

203 441 332 480 τορος
366 425 641 479 βουκόλους,
688 426 735 466 οἳ
769 425 870 480 περὶ
908 423 957 467 τὸ
997 424 1251 468 Αὐεντῖνον
1281 423 1383 480 ὅρος
1420 423 1609 480 ἀντικρὺ
1648 428 1730 468 τοῦ

202 495 492 535 Παλλαντίου
524 495 732 548 κείμενον
765 489 884 547 εἶχον
914 491 992 542 τὰς
1011 493 1290 548 βουστάσεις.
1353 491 1543 549 ᾐτιῶντο
1575 493 1624 536 δε
1648 493 1727 536 άλ-

203 561 366 615 λήλους
397 560 595 615 ἑκατέροι
624 559 797 615 θαμινά
827 560 854 616 ἢ
885 555 965 616 τὴν
995 559 1052 616 μὴ
1085 562 1406 617 προσήκουσαν
1444 559 1613 617 ὀργάδα
1645 577 1728 604 κα-
1747 581 1762 607 5

203 629 410 683 τανέμειν
440 628 468 684 ἢ
499 628 579 684 τὴν
602 626 760 683 κοινὴν
790 629 957 684 μόνους
988 630 1248 683 διακρατεῖν
1281 625 1306 684 ἢ
1337 628 1361 671 ὅ
1381 646 1422 672 τι
1453 629 1618 685 δήποτε
1649 630 1729 672 115-

203 713 283 750 χοι.
348 696 397 738 ἐκ
429 697 478 738 δὲ
508 699 584 751 τῆς
614 694 854 751 ἁψιμάχιας
883 696 1045 752 ταύτης
1085 696 1292 751 ἐγένοντο
1324 699 1492 752 πληγαί
1519 712 1624 740 ποτε
1656 696 1730 741 διὰ

201 763 378 818 χειρῶν,
412 761 504 806 εἶτα
536 762 600 806 δι’
633 764 800 807 ὅπλων.
863 764 1093 820 τραύματα
1125 765 1173 808 δὲ
1205 764 1349 807 πολλὰ
1379 765 1491 818 πρὸς
1511 768 1602 807 τῶν
1632 781 1728 821 μει-

203 834 372 884 ρακίων
411 832 625 886 λαβόντες
662 833 708 874 οἱ
749 835 829 874 τοῦ
868 832 1122 887 Νεμέτορος
1159 835 1237 875 καί
1270 849 1394 883 τινας
1431 831 1729 884 άπολέσαντες

201 900 291 941 τῶν
323 901 554 955 σφετέρων
585 900 658 942 καὶ
690 901 780 942 τῶν
810 903 987 955 χωρίων
1019 900 1130 943 κατὰ
1162 901 1323 956 κράτος
1354 900 1438 956 ἤδη
1471 900 1721 956 ἐξειργόμε-
1742 922 1772 946 10

202 983 272 1009 νοι
303 968 687 1021 παρεσκευάζοντο
720 968 857 1010 δόλον
886 967 987 1010 τινα
1022 967 1092 1011 ἐπ’
1133 967 1310 1019 αὐτούς.
1380 971 1727 1023 προλοχίσαντες

201 1033 255 1089 δὴ
288 1038 364 1089 τῆς
394 1035 624 1091 φάραγγος
655 1037 703 1077 τό
735 1033 904 1090 ἀφανὲς
935 1038 1007 1078 καὶ
1040 1038 1310 1092 συνθέμενοι
1352 1043 1443 1086 τοῖς
1481 1036 1644 1091 λοχῶσι
1674 1035 1726 1078 τὰ

200 1103 406 1158 μειράκια
437 1102 516 1145 τὸν
546 1106 623 1159 τῆς
653 1102 897 1154 ἐπιθέσεως
934 1103 1108 1159 καιρὸν,
1142 1105 1188 1146 οἱ
1222 1104 1371 1146 λοιποὶ
1401 1102 1513 1146 κατὰ
1552 1106 1726 1159 πλῆθος

201 1172 273 1213 ε’πὶ
305 1170 357 1213 τά
378 1171 695 1226 μανδρεύματα
726 1169 877 1214 αὐτῶν
897 1169 1077 1226 νύκτωρ
1103 1172 1337 1226 ἐπέβαλον.
1394 1171 1614 1226 Ῥωμύλος
1642 1172 1725 1227 μὲν

200 1234 284 1281 οὖν
314 1238 394 1281 τὸν
425 1239 590 1294 χρόνον
620 1243 783 1282 τοῦτον
816 1238 1059 1294 ἐτύγχανεν
1097 1239 1182 1295 ἅμα
1220 1247 1311 1290 τοῖς
1350 1239 1720 1295 ἐπιφανεστάτοις
1738 1260 1770 1285 15

200 1310 290 1349 τῶν
321 1310 541 1362 κωμητῶν
582 1308 886 1363 πορευόμενος
926 1312 987 1358 εἵς
1024 1324 1065 1350 τι
1103 1309 1268 1363 χωρίον
1299 1310 1522 1350 Καινίναν
1560 1307 1725 1362 ὀνομα-

199 1375 384 1430 ζόμενον
416 1373 513 1429 ἱερὰ
552 1376 753 1431 ποιήσων
783 1373 897 1430 ὑπὲρ
936 1379 1015 1418 τοῦ
1054 1378 1213 1418 κοινοῦ
1249 1376 1433 1430 πάτρια·
1475 1375 1636 1430 Ῥῶμος
1675 1376 1722 1418 δὲ

200 1443 281 1498 τὴν
319 1443 487 1497 ἔφοδον
525 1442 676 1485 αὐτῶν
722 1444 993 1499 αἰσθόμενος
1038 1444 1268 1499 ἐξεβοήθει
1313 1441 1464 1498 λαβών
1508 1444 1561 1485 τὰ
1607 1442 1723 1485 ὅπλα

200 1511 445 1565 διαταχέων
482 1510 661 1565 ὀλίγους
706 1515 795 1553 τῶν
838 1513 887 1554 ἐκ
924 1514 1000 1567 τῆς
1036 1511 1185 1566 κώμης
1221 1512 1488 1566 φθάσαντας
1527 1510 1632 1554 καθ’
1674 1511 1722 1552 ἓν

198 1579 410 1632 γενέσθαι
441 1568 732 1633 παραλαβῶν.
774 1579 972 1622 κάκεῖνοι
994 1577 1049 1622 ού
1079 1579 1283 1634 δέχονται
1304 1576 1443 1621 αὐτὸν
1463 1577 1577 1620 ἄλλα
1607 1578 1719 1633 φεύ-
1736 1602 1769 1627 20

199 1658 361 1700 γουσιν
400 1645 677 1702 ὑπαγόμενοι
709 1650 823 1690 ἔνθα
867 1649 1054 1703 ἔμελλον
1100 1647 1151 1690 ἐν
1196 1650 1316 1702 καλῷ
1361 1640 1722 1702 ὕποστρέψαντες

201 1714 515 1769 ἐπιθήσεσθαι.
578 1713 600 1756 ὁ
640 1715 688 1756 δὲ
722 1714 883 1770 Ῥῶμος
920 1714 1018 1757 κατ’
1058 1714 1247 1769 ἄγνοιαν
1285 1717 1364 1756 τοῦ
1409 1713 1722 1770 μηχανήματος

199 1780 299 1836 ἄχρι
340 1784 511 1824 πολλοῦ
549 1782 728 1825 διώκων
767 1777 930 1833 αὐτοὺς
973 1781 1270 1838 παραλλάττει
1315 1780 1364 1824 τὸ
1405 1781 1721 1836 λελοχισμένον

199 1853 378 1905 χωρίον,
411 1848 494 1892 κάν
525 1851 668 1906 τούτῳ
706 1849 730 1892 ὅ
768 1865 814 1893 τε
855 1850 984 1905 λόχος
1022 1851 1247 1892 ἐνίσταται
1286 1851 1359 1891 καὶ
1398 1850 1445 1891 οἱ
1476 1848 1721 1904 φεύγοντες

193 2008 395 2065 Ἀμουλιόυ
417 2010 609 2063 διαφορᾶς
640 2009 706 2043 καὶ
738 2005 985 2063 βοσκημάτων
1011 2006 1170 2049 ε’λάσεως
1196 2006 1265 2043 οὐκ
1297 2004 1552 2052 ἀνασχόμενοι
1585 2003 1716 2059 συγκό-

197 2067 332 2089 πτουσι
357 2068 426 2098 μεν
451 2052 591 2094 αὐτους
615 2054 679 2088 καὶ
706 2053 921 2105 τρέπονται,
949 2050 1230 2097 ἀποτέμνονται
1258 2052 1299 2087 δὶι·
1326 2054 1392 2097 τῆς
1424 2054 1528 2092 λείας
1559 2048 1717 2107 συχνήν.

197 2097 505 2152 αγανακτοῦντος
532 2099 573 2134 δε
599 2100 665 2134 τοῦ
685 2082 921 2151 Νομήτορος
941 2087 1162 2153 ᾠλιγόρουν
1190 2099 1356 2148 συνῆγον
1382 2096 1425 2132 δε
1451 2097 1516 2131 καὶ
1541 2096 1718 2142 προσεδέ-

198 2158 308 2191 χοντο
333 2143 497 2186 πολλοὺς
523 2158 591 2196 μεν
616 2141 796 2201 ἀπόρους,
823 2144 986 2184 πολλους
1005 2143 1045 2177 δε
1066 2140 1238 2197 δούλους,
1265 2139 1437 2195 θράσους
1460 2138 1718 2177 αποστατικοῦ

197 2205 262 2225 και
289 2188 532 2246 φρονήιιατος
557 2203 691 2242 αρχας
701 2186 930 2228 ἐνδιδόντες.
979 2190 1045 2223 τοῦ
1073 2187 1114 2223 δε
1133 2185 1326 2240 Ρωμύλου
1351 2185 1444 2244 πρός
1463 2200 1547 2221 τινα
1573 2189 1720 2222 θυσίαν

197 2233 518 2291 ἀποτραπομένου
543 2236 622 2276 (καὶ
647 2232 727 2287 γάρ
742 2235 790 2278 ἡν
816 2233 1032 2278 φιλοθύτης
1050 2234 1114 2269 καὶ
1131 2230 1326 2285 μαντικός)
1351 2245 1386 2267 οι
1411 2234 1477 2267 τοῦ
1496 2229 1718 2276 Νομήτορος

198 2283 353 2335 βοτῆρες
379 2294 428 2328 τῳ
447 2278 576 2324 Ριόμῳ
600 2293 668 2324 μετ
710 2275 848 2331 ὀλίγων
873 2280 1069 2334 βαδίζοντι
1101 2275 1375 2334 προστυχόντες
1407 2274 1603 2335 ἐμάχοντο.
1650 2278 1717 2312 καὶ

197 2317 414 2381 γενομένων
427 2327 581 2370 πληγῶν
597 2326 662 2359 καὶ
680 2321 906 2376 τραυμάτων
921 2320 960 2358 ἐν
975 2321 1020 2367 ἅμ
1030 2323 1205 2378 φοτέροις
1223 2320 1449 2378 ἐκράτησαν
1454 2322 1492 2357 οἴ
1506 2324 1573 2357 τοῦ
1591 2318 1718 2375 Νομή-

198 2384 312 2423 τορος
329 2371 394 2405 καὶ
421 2371 632 2415 συνέλαβον
651 2369 771 2412 ζωντα
790 2367 857 2404 τὸν
869 2366 1024 2421 Ρῶμον.
1050 2367 1299 2424 ἀναχθέντος
1312 2366 1383 2404 οὖν
1401 2364 1521 2403 αυτοῦ
1539 2365 1643 2420 πρὸς
1651 2365 1716 2402 τὸν

201 2419 285 2461 Νομ
261 2413 407 2471 μήτορα
431 2416 496 2449 καὶ
522 2415 866 2469 κατηγορηθέντος,
892 2410 1007 2452 αὐτὸς
1033 2427 1077 2458 μ.
1084 2428 1103 2448 ν
1135 2410 1203 2447 οὐκ
1237 2411 1390 2448 ἐκόλασε
1423 2410 1590 2457 χαλεπὸν
1622 2408 1716 2446 ὄντα

198 2464 334 2502 δεδιως
360 2474 426 2496 τον
451 2457 575 2504 αδελφ
581 2473 635 2501 ον,
663 2457 787 2495 ἐλθών
813 2459 854 2493 δε
880 2459 973 2502 πρὸς
999 2472 1099 2493 εκειτ
1104 2472 1146 2492 ον
1173 2455 1295 2493 ἐδεῖτο
1320 2463 1451 2513 τυχεῖν
1464 2459 1578 2511 δίκης
1603 2453 1717 2491 αδελ-

197 2505 268 2550 φὸς
293 2504 345 2542 ὧν
369 2506 435 2540 καὶ
459 2505 781 2558 καθυβρισμένος
792 2501 866 2539 ὑπὸ
893 2504 1048 2539 οἰκετῶν
1075 2501 1224 2538 ἐκεινου
1250 2503 1433 2558 βασιλέως
1459 2498 1579 2541 ὄντος.
1628 2513 1715 2536 συν-

132 2574 151 2593 ¹.
197 2548 517 2596 αγανακτούντων
543 2551 586 2587 δε
612 2564 685 2585 των
711 2548 750 2585 ἐν
773 2545 876 2594 Ἀλβῇ
903 2550 967 2584 καὶ
994 2548 1104 2583 δεινα
1122 2546 1283 2593 πάσχειν
1307 2547 1491 2593 οἰομένων
1508 2545 1573 2582 τὸν
1592 2542 1716 2590 ανδρα

311 2704 347 2739 3.
377 2697 562 2751 ἄντικρὺς
606 2702 730 2738 Vrbz'n.
892 2701 927 2735 7.
959 2696 1102 2748 πληγαὶ
1126 2705 1214 2746 post
1244 2702 1384 2748 χειρῶν
1414 2701 1548 2735 inserit
1590 2699 1713 2734 Vrbin.

370 2760 432 2795 10.
463 2755 542 2807 ἤδη
572 2771 670 2794 κατα
701 2753 840 2805 κράτος
885 2757 1010 2792 Vrbin.
1187 2756 1248 2791 14.
1289 2752 1443 2803 νύκτωρ
1475 2767 1542 2791 om.
1587 2755 1712 2790 Vrbz'n.

369 2816 431 2854 16,
470 2809 757 2864 πεπορευμένος
797 2813 893 2849 ΟΙιὶε.
1071 2809 1265 2848 Καινίναν
1302 2813 1466 2860 Sylbury
1524 2812 1715 2858 καιμιμοῖν

201 2870 295 2906 Oltis.
340 2871 425 2907 Vrb
599 2871 663 2908 23.
695 2863 1040 2919 προλελοχισμένον
1070 2869 1221 2905 Reislce
