1884 3213
543 201 742 234 VALERII
767 200 993 233 ANTIATIS
1019 200 1242 233 ANNALES
1576 198 1658 240 265

141 313 335 363 rogationi
375 315 504 364 primo
536 314 580 360 Q.
622 319 660 353 et
690 315 732 353 L.
764 315 942 353 Mummii
978 313 1295 359 intercedebant,
1329 319 1508 353 scnatmn
1541 327 1658 365 qnae-

140 393 228 418 rere
274 380 320 418 ‹le
360 383 529 431 pecunia
568 394 646 420 non
688 383 807 421 relata
849 384 889 421 in
928 382 1152 433 publicum,
1200 384 1254 420 ita
1286 387 1327 420 ut
1359 387 1472 420 antea
1503 394 1659 433 semper

140 449 287 487 sactum
320 454 436 493 esset,
469 462 635 500 aequum
669 449 897 488 censebant.
959 450 1106 488 P‹=tillii
1143 449 1388 488 nobilitatem
1423 454 1461 487 et
1492 461 1657 499 regnum

141 517 180 553 in
212 520 349 554 senatu
383 516 613 566 Scipionum
646 517 900 555 accusabant.
947 517 988 554 L.
1022 517 1165 555 Furius
1196 517 1392 567 Purpurio
1425 518 1658 557 consularis.

101 599 117 623 5
143 584 209 633 qui
242 584 281 621 in
320 583 456 622 decem
498 584 636 633 legatis
668 586 707 623 in
740 585 828 622 Asia
861 587 1011 628 suerat,
1058 585 1175 623 latins
1207 584 1425 634 rogandum
1458 584 1658 627 censebat,

142 663 220 689 non
258 663 357 701 quac
398 650 445 689 ab
477 650 672 689 Antiocho
712 651 827 689 modo
867 653 1060 702 pecuniae
1100 657 1236 702 captae
1268 653 1421 696 forent,
1462 652 1528 689 sed
1561 665 1659 702 quae

141 717 188 755 ab
230 718 318 755 aliis
357 717 520 767 regibus
551 718 837 770 gentibusque,
878 719 945 757 Cn.
980 718 1168 757 Manlium
1202 720 1410 757 inimicum
1443 720 1658 757 incessens.

141 790 177 823 et
200 785 240 822 L.
265 784 412 835 Scipio,
447 798 563 836 quem
594 788 719 835 magis
752 798 822 836 pro
856 798 897 823 se
930 798 1047 836 quam
1080 786 1269 824 aduersus
1302 786 1427 836 legem
1459 786 1658 825 dicturum

140 852 370 903 adparebat,
404 853 605 891 dissuasor
637 855 845 904 processit.
892 855 924 891 is
957 861 1083 892 morte
1116 853 1157 891 P.
1190 854 1366 892 Africani
1400 854 1547 898 fratris,
1581 854 1656 891 uiri

86 938 115 961 ω
140 921 316 958 omnium
362 921 573 959 fortissimi
619 921 929 972 clarissimique,
977 934 1060 959 cam
1102 926 1277 959 exortam
1316 923 1563 971 rogationem
1603 927 1661 959 est,

140 992 394 1038 conquestus.
446 1000 586 1039 parum
618 990 724 1027 enim
757 990 879 1027 fuisse
912 1001 989 1027 non
1022 988 1174 1026 laudari
1206 1000 1278 1039 pro
1310 991 1451 1027 rostris
1483 989 1523 1027 P.
1556 990 1658 1028 Afri-

141 1067 282 1093 canum
315 1060 403 1106 post
434 1061 615 1100 mortem,
650 1057 727 1094 nisi
760 1058 877 1094 etiam
911 1062 1179 1094 accusaretur.
1243 1061 1280 1094 et
1312 1056 1661 1107 Carthagiliienses

141 1122 260 1160 exilio
291 1122 526 1161 Hannibalis
573 1128 780 1161 contentos
819 1136 926 1163 esse.
974 1124 1162 1174 populum
1193 1123 1415 1161 Romanum
1454 1137 1502 1162 ne
1535 1129 1660 1162 mort‹=

140 1189 300 1241 quidem
332 1190 374 1228 P.
400 1189 599 1241 Scipionis
632 1192 832 1234 exsatiari,
866 1192 943 1228 nisi
975 1197 1013 1228 et
1045 1191 1170 1241 ipsius
1201 1192 1303 1229 fama
1336 1192 1481 1242 sepulti
1510 1192 1660 1230 lacere-

84 1274 115 1298 ιε)
141 1263 205 1295 tur
238 1262 275 1295 et
307 1258 432 1296 frater
463 1259 638 1308 insuper,
673 1260 848 1296 accessio
873 1258 1060 1301 inuidiae,
1095 1264 1301 1296 mactetur.
1349 1259 1397 1296 M.
1422 1258 1516 1297 Cato
1539 1260 1660 1297 suasit

141 1327 388 1376 rogationem
419 1348 474 1351 ——
505 1331 630 1364 exstat
669 1327 796 1364 oratio
836 1328 920 1364 eius
963 1326 1009 1363 de
1043 1328 1208 1376 pecunia
1243 1328 1347 1375 regis
1379 1326 1562 1364 Antiochi
1593 1349 1660 1369 Ἠ,

141 1398 179 1431 et
208 1393 418 1431 Mummios
450 1392 633 1431 tribunos
667 1395 902 1431 anctoritate
934 1394 1142 1437 deterruit,
1176 1406 1225 1431 ne
1257 1393 1566 1431 aduersarentur
1597 1406 1659 1430 ro-

141 1462 305 1511 gationi.
357 1459 657 1498 remittentibus
696 1473 790 1509 ergo
822 1460 883 1498 his
916 1462 1243 1498 interctssionem
1275 1473 1411 1498 omnes
1443 1459 1572 1498 tribus
1604 1462 1660 1498 uti

142 1532 349 1578 rogassent
395 1529 610 1566 iusserunt.
690 1526 736 1575 (e.
774 1525 856 1579 554
904 1528 987 1566 Ser.
1036 1527 1213 1578 Sulpicio
1259 1527 1400 1565 deinde
1448 1529 1660 1572 referente,

85 1610 117 1633 20
143 1607 259 1646 quem
292 1596 498 1645 rogatione
521 1595 676 1633 Petillia
700 1607 891 1645 quaerere
916 1595 1076 1638 uellent,
1110 1596 1154 1641 Q.
1178 1596 1407 1633 Terentium
1431 1595 1660 1634 Culleonem

144 1668 275 1713 patres
307 1665 522 1700 iusserunt.
583 1662 629 1701 ad
662 1662 765 1700 hunc
799 1668 1045 1713 praetorem,
1094 1661 1218 1712 <adeo
1251 1664 1421 1700 amicum
1453 1662 1661 1700 Corneliae

144 1730 336 1774 familiae,
379 1735 440 1774 ut,
482 1732 548 1780 qui
586 1730 733 1768 Romae
770 1736 969 1768 mortuum
1010 1731 1233 1781 elatumque
1273 1730 1314 1767 P.
1348 1729 1577 1780 Scipionem
1608 1751 1662 1755 m

144 1802 203 1835 est
235 1799 340 1836 enim
373 1810 415 1835 ea
449 1810 605 1848 quoque
628 1798 729 1836 fama
751 1820 807 1824 —
826 1798 1000 1841 tradunt,
1035 1798 1237 1848 pileatum,
1272 1799 1373 1835 sicut
1396 1798 1436 1834 in
1459 1796 1661 1847 triumpho

146 1866 265 1909 ierat,
307 1866 346 1902 in
387 1865 526 1902 sunere
558 1877 712 1915 quoque
745 1871 833 1903 ante
866 1865 1010 1903 lectum
1044 1867 1119 1903 isse
1152 1867 1366 1903 memoriae
1398 1863 1661 1914 prodiderint.

86 1947 119 1971 25
144 1937 182 1970 et
221 1932 267 1970 ad
307 1937 461 1983 portam
493 1931 688 1982 Capenam
726 1933 898 1970 mulsum
931 1934 1153 1983 prosecutis
1185 1933 1303 1970 sunus
1336 1931 1511 1975 dedisse,
1559 1930 1662 1981 quod

235 2099 267 2130 q.
309 2088 400 2127 Quae
431 2090 524 2120 uncis
554 2088 576 2127 <
608 2088 629 2129 >
659 2090 794 2128 inclusi,
831 2100 877 2120 ea:
915 2092 1024 2119 allel-a
1059 2089 1151 2128 fama
1188 2090 1316 2119 inserta
1347 2093 1433 2119 sunl.
1483 2088 1527 2126 cf.
1555 2087 1658 2118 uerba

147 2132 238 2165 adeo
264 2134 417 2164 amicum
444 2132 637 2165 Corneliae
663 2134 844 2171 familiae,
873 2137 932 2173 ut,
960 2134 1032 2174 qui
1060 2134 1219 2164 Romae
1253 2136 1467 2164 mortuum
1505 2131 1658 2162 elatum-

146 2188 215 2219 que
242 2178 280 2208 P.
307 2177 513 2219 Scipionem
542 2197 582 2200 —
609 2181 665 2209 est
691 2179 785 2209 enim
810 2190 853 2210 ea
879 2189 1021 2219 quoque
1050 2178 1148 2209 fama
1174 2195 1216 2199 —
1242 2177 1430 2208 tradunt
1456 2182 1488 2207 et
1513 2187 1539 2207 e.
1559 2177 1612 2211 56,
1640 2178 1659 2206 ‘2

145 2224 318 2254 conuenit
342 2241 384 2244 —
410 2233 479 2254 non
508 2223 550 2254 de
579 2233 673 2254 anno
700 2234 768 2264 quo
795 2227 956 2254 mortuus
983 2223 1051 2263 sit,
1079 2233 1149 2253 non
1175 2223 1236 2253 ubi
1262 2225 1423 2253 mortuus
1449 2224 1512 2252 aut
1540 2221 1660 2252 elatus

146 2268 212 2299 sit:
241 2267 306 2298 alii
331 2268 478 2305 Rornae,
506 2268 571 2299 alii
597 2268 737 2299 Literni
766 2272 802 2300 et
828 2272 1005 2300 mortuum
1032 2272 1067 2299 et
1092 2267 1284 2308 sepultum.

291 2428 324 2462 1.
366 2427 516 2462 Nummii
556 2432 591 2463 et
627 2426 767 2463 Numini
808 2433 842 2463 et
881 2428 1017 2463 Minutii
1053 2428 1141 2463 libri
1204 2425 1358 2461 Mummii
1405 2425 1578 2471 Siqom'us

149 2482 186 2518 4.
218 2481 346 2519 Furius
378 2484 463 2519 add.
497 2483 664 2530 Moyunt.
698 2488 732 2518 el
764 2486 907 2530 aliquot
935 2486 1019 2519 libr.
1052 2494 1130 2518 ree.
1267 2482 1451 2528 Purpureo
1487 2481 1662 2527 Sigsom'us

234 2539 271 2575 9.
311 2545 425 2574 morte
461 2540 550 2574 libri
588 2539 792 2586 (Maslzciy.)
853 2546 937 2587 post
974 2545 1124 2575 mortem
1164 2541 1274 2585 uulsso
1423 2533 1482 2571 15.
1522 2542 1557 2571 et
1596 2549 1661 2571 m·-

148 2597 262 2630 cessit
293 2606 344 2631 ex
374 2596 543 2641 Moyzmt.
665 2595 726 2631 16.
759 2592 891 2644 exstat]
928 2596 1063 2642 (Moy.)
1126 2606 1203 2629 esse
1236 2599 1269 2629 et
1300 2599 1334 2628 et
1366 2598 1480 2627 exstat
1511 2598 1545 2626 et
1576 2593 1665 2627 libri

150 2661 227 2686 rec.
345 2651 410 2687 17.
444 2647 646 2699 Mummios]
679 2651 769 2686 libri
798 2655 954 2687 uariam
987 2657 1024 2686 ul
1055 2661 1175 2696 supra
1209 2663 1244 2685 u.
1281 2650 1296 2683 1
1420 2648 1481 2683 18.
1523 2648 1572 2682 uti
1605 2659 1661 2682 ro-

150 2712 295 2753 gassent
327 2709 504 2753 plerique
541 2707 629 2741 libri
665 2718 742 2741 rec.
805 2708 854 2742 nti
893 2712 1058 2754 rogasset
1097 2708 1152 2740 ed.
1196 2708 1261 2740 all.
1304 2705 1464 2740 Froben.
1498 2709 1532 2738 el
1570 2705 1659 2750 aliq.

146 2763 230 2797 libr.
253 2773 331 2798 rec.
395 2763 445 2797 uti
476 2773 583 2809 rogas
608 2762 784 2807 Siyonius
900 2763 965 2798 ⁶20.
999 2763 1186 2809 rogatione
1211 2761 1331 2795 Petilia
1357 2760 1490 2804 (Moy.)
1554 2770 1657 2805 quan*

149 2818 371 2864 rogationem
405 2818 517 2852 Petilii
550 2823 585 2852 et
624 2829 727 2864 quem
760 2820 948 2864 rogatione
981 2818 1095 2852 Petilii
1129 2822 1163 2852 el
1200 2828 1302 2864 quem
1337 2815 1523 2860 rogatione
1555 2825 1661 2861 pecu-

150 2874 285 2909 niarum
314 2874 403 2909 libri
432 2884 508 2909 rec.

1688 802 1706 832 p

1692 1554 1711 1584 ‘l
