1884 3213
84 1600 116 1624 10

330 738 387 806 Q.
436 737 629 791 AELII
673 738 1067 794 TVssERoNis
1110 726 1489 795 HISTORIAE

749 869 836 911 EX
874 870 999 912 LIB.
1039 870 1060 911 I

259 972 299 1014 l.
333 976 434 1014 Non.
467 986 497 1012 s.
530 986 568 1012 u.
597 976 783 1023 protinus
809 986 850 1023 p.
884 972 966 1013 376
1004 975 1163 1013 Tubero
1196 975 1454 1014 historiarum
1489 976 1592 1015 libro
1625 978 1665 1015 I:

146 1042 187 1081 Si
219 1042 324 1093 quod
355 1054 375 1080 a
408 1041 640 1093 parentibus
671 1047 879 1093 acceptum
908 1044 1093 1093 protinus
1124 1043 1310 1093 antiquae
1340 1045 1557 1082 memoriae
1590 1050 1667 1084 tra-

145 1109 344 1148 (liderunt.

256 1174 334 1216 2³⁵².
373 1177 488 1216 Seru.
523 1178 579 1216 ad
607 1178 705 1215 Aen.
740 1178 787 1216 II
819 1175 869 1215 15
900 1177 955 1216 De
987 1177 1061 1216 hoc
1094 1190 1195 1228 equo
1230 1176 1447 1230 [Troiano]
1483 1181 1593 1219 uarie
1627 1182 1666 1219 in

143 1246 323 1285 historiis
363 1245 526 1284 (lictum.
590 1248 632 1282 ut
671 1246 778 1283 enim
809 1244 986 1295 Hyginus
1018 1249 1056 1283 et
1086 1244 1245 1284 Tubero
1278 1246 1429 1291 dicunt,
1463 1247 1664 1286 machina—

142 1318 320 1352 mentum
352 1312 541 1351 bellicum
572 1313 662 1356 fuit,
696 1313 801 1363 quod
823 1324 949 1363 equus
971 1312 1206 1363 appellatur,
1241 1318 1282 1352 ut
1304 1315 1408 1352 aries
1431 1320 1469 1353 ct
1492 1315 1662 1359 testudo,

142 1380 289 1432 quibus
319 1382 425 1419 muri
456 1380 520 1418 uel
552 1380 697 1418 discuti
729 1380 793 1418 uel
826 1379 968 1418 subrui
1000 1380 1140 1419 solent.

254 1445 332 1487 3³⁶.
364 1449 527 1498 Dionys.
561 1448 588 1484 I
613 1444 668 1485 80
691 1442 766 1493 Ὡς
797 1443 844 1485 δὲ
882 1444 1122 1498 Τουβέρων
1152 1448 1325 1499 Αἴλιος)
1366 1444 1511 1495 δεινὸς
1550 1445 1664 1501 ἀνὴρ

142 1513 215 1553 καὶ
260 1512 362 1567 περὶ
405 1510 488 1566 τὴν
534 1509 803 1566 συναγωγὴν
846 1514 922 1566 τῆς
968 1512 1164 1565 ἱστορίας
1203 1510 1435 1567 ἐπιμελής,
1483 1512 1662 1568 γράφει,

140 1578 397 1632 προειδότες
446 1579 492 1620 οἱ
537 1581 617 1620 τοῦ
666 1579 918 1634 Νεμέτορος
966 1579 1194 1629 θύσοντας
1240 1578 1291 1620 τὰ
1337 1578 1513 1622 Λύκαια
1558 1582 1664 1631 τοὺς

228 1749 264 1784 1.
294 1751 389 1784 Fort.
409 1761 454 1783 ea)
477 1752 649 1792 prooemio
667 1760 730 1792 quo
749 1751 790 1782 de
815 1752 875 1791 eis,
901 1752 957 1792 qni
981 1755 1082 1782 antea
1106 1760 1162 1782 res
1187 1750 1355 1782 Romanas
1379 1753 1557 1793 scripsere,
1586 1764 1660 1795 eye?

137 1797 192 1833 rit,
217 1800 388 1837 smnptum.

226 1839 250 1874 3
282 1842 422 1873 inseruit
454 1842 634 1882 Dionysius
659 1842 851 1873 narrationi
874 1841 1047 1872 Fabianae
1070 1841 1119 1879 fr.
1145 1839 1194 1872 δ”.
1226 1840 1271 1880 cf.
1301 1841 1373 1872 hin.
1403 1842 1420 1872 I
1445 1843 1484 1882 4,
1512 1845 1532 1873 9
1562 1843 1658 1876 Hinc

138 1888 264 1918 robore
297 1886 506 1927 corporibus
537 1886 739 1926 animisque
771 1889 913 1928 sumpto
950 1886 1022 1916 iam
1055 1896 1126 1916 non
1158 1885 1258 1916 feras
1289 1889 1430 1918 tantum
1461 1888 1659 1921 subsistere

137 1929 313 1973 [Romulus
350 1933 381 1962 el
416 1928 574 1972 Remus-J,
611 1930 675 1962 sed
712 1931 748 1961 in
787 1930 949 1962 latrones
987 1930 1122 1972 praeda
1157 1934 1307 1962 onustos
1345 1931 1500 1973 impetus
1535 1934 1657 1965 facere

137 1976 346 2017 pastoribus
372 1979 478 2017 rapta
505 1975 686 2015 diuidere,
722 1980 758 2007 et
784 1986 863 2007 cum
888 1976 944 2007 his
970 1978 1158 2007 crescente
1184 1976 1222 2006 in
1248 1975 1326 2007 dies
1353 1987 1462 2018 grege
1488 1977 1659 2009 iuuenum

138 2021 234 2053 seria
261 2032 304 2052 ac
330 2021 427 2052 iocos
453 2021 652 2053 celebrare.
690 2021 769 2052 Iam
786 2024 860 2052 tum
878 2021 915 2052 in
933 2020 1078 2052 Palatio
1105 2024 1223 2051 monte
1248 2021 1431 2062 Lupercal
1458 2021 1524 2053 hoc
1544 2023 1657 2054 fuisse

138 2066 315 2097 ludicrum
342 2066 464 2097 ferunt
487 2069 522 2096 et
548 2076 568 2096 a
589 2065 770 2097 Pallantio
797 2066 883 2097 urbe
910 2065 1090 2096 Arcadica
1108 2065 1341 2105 Pallantium,
1369 2065 1452 2096 dein
1470 2067 1657 2099 Palatium

136 2114 293 2143 montem
320 2110 557 2152 appellatum.
606 2110 658 2142 ibi
684 2110 910 2151 Euandrum,
944 2110 1004 2151 qui
1037 2120 1080 2141 ex
1106 2120 1148 2141 eo
1173 2119 1304 2151 genere
1329 2110 1509 2142 Arcadum
1536 2112 1657 2144 multis

137 2160 221 2187 ante
240 2156 521 2196 tempestatibus
540 2155 699 2187 tenuerit
716 2155 807 2195 loca,
833 2155 1006 2187 sollemne
1026 2154 1176 2185 allatum
1203 2165 1245 2185 ex
1265 2155 1418 2186 Arcadia
1436 2156 1655 2197 instituisse,

136 2205 174 2233 ut
200 2201 287 2232 nudi
311 2201 463 2231 iuuenes
490 2201 674 2241 Lycaeum
702 2202 805 2231 Pana
836 2202 1058 2231 uenerantes
1092 2209 1156 2240 per
1183 2199 1300 2230 lusum
1327 2203 1436 2241 atque
1464 2200 1655 2233 lasciuiam

138 2247 340 2283 currerent;
368 2254 469 2286 quem
487 2244 639 2276 Romani
666 2244 794 2276 deinde
820 2247 1044 2277 uocauerunt
1067 2244 1207 2278 Inuum,
1234 2244 1318 2275 huic
1345 2244 1477 2275 deditis
1503 2245 1653 2286 ludicro,

136 2301 215 2322 cum
241 2289 414 2322 sollemne
441 2292 563 2321 notum
590 2294 699 2330 esset,
724 2290 914 2322 insidiatos
940 2290 983 2321 ob
1010 2290 1097 2319 iram
1123 2289 1276 2330 praedae
1296 2290 1452 2321 amissae
1479 2290 1653 2331 latrones,

136 2345 217 2367 cum
242 2334 417 2366 Romulus
448 2334 484 2364 ui
516 2344 553 2365 se
587 2334 833 2374 defendisset,
859 2336 1008 2366 Remum
1041 2333 1201 2374 cepisse,
1235 2337 1378 2375 captum
1411 2335 1488 2375 regi
1514 2336 1654 2367 Amulio

135 2379 342 2418 tradidisse,
368 2377 462 2410 ultro
489 2383 715 2410 accusantes.
751 2379 892 2411 crimini
918 2378 1071 2410 maxime
1100 2378 1237 2409 dabant
1262 2378 1297 2408 in
1324 2379 1521 2410 Numitoris
1547 2391 1654 2421 agros

135 2424 183 2456 ab
206 2424 252 2456 iis
276 2424 449 2466 impetum
475 2422 568 2463 fieri,
599 2423 683 2455 inde
716 2434 776 2455 eos
809 2424 966 2456 collecta
998 2423 1166 2454 iuuenum
1194 2433 1302 2454 manu
1328 2423 1496 2454 hostilem
1522 2424 1558 2456 in
1584 2436 1653 2457 mo-

136 2469 219 2500 dum
244 2468 400 2511 praedas
425 2477 546 2510 agere.
593 2468 644 2499 sic
671 2468 716 2500 ad
741 2469 962 2511 supplicium
987 2467 1166 2500 Numitori
1191 2468 1323 2499 Remus
1349 2467 1500 2502 deditur,

250 2624 290 2674 l,
326 2628 360 2663 1.
394 2627 518 2662 luben-0
552 2623 617 2661 W¹
738 2628 774 2663 2.
808 2626 924 2675 antici:
966 2629 1013 2663 W
1068 2628 1202 2674 antiqui
1235 2628 1402 2663 Mereor.
1464 2629 1648 2675 antiquum

136 2685 260 2720 Barth
320 2685 464 2731 antique
496 2683 533 2729 (i.
566 2694 597 2718 e.
629 2683 808 2729 studiose)
841 2686 940 2721 Roth

247 2735 290 2788 2,
323 2739 359 2776 5.
393 2740 522 2785 Supra
555 2739 711 2775 exhibui
733 2740 945 2776 Cccssellcmi
973 2742 1207 2785 scripum-am
1239 2738 1324 2784 (nisi
1353 2741 1453 2785 quod
1471 2742 1509 2774 in
1532 2750 1573 2776 Co
1596 2747 1650 2776 est

135 2795 280 2842 uariae),
313 2795 475 2842 Hyginus
507 2800 544 2831 et
574 2794 716 2831 Tubero
749 2795 792 2831 de
824 2797 891 2832 boc
922 2807 1014 2843 equo
1046 2795 1168 2830 dieunt
1201 2795 1518 2831 inachimmentum
1551 2795 1649 2833 belli-

134 2863 214 2887 cum
245 2852 312 2887 suit
342 2852 468 2890 Paris.
