1884 3213
225 202 387 234 rchw
606 191 672 225 DE
699 192 1010 226 SCRIPTORVM
1039 191 1164 226 vl'rls
1190 194 1252 227 ET
1279 193 1500 228 SCRIPTIS

222 310 393 353 uidetur,
428 322 514 347 rum
540 322 615 348 nou
639 309 767 348 solum
790 311 875 348 eius
897 309 1161 361 condiscipuli
1194 311 1261 349 sed
1287 312 1404 350 etiam
1437 313 1521 363 ipse
1546 310 1756 350 Panaetius

222 378 347 416 libros
380 378 566 429 quosdam
600 378 646 416 ad
680 391 768 416 eum
801 379 997 417 miserint.
1015 376 1040 429 1)

335 463 459 501 lluius
492 464 656 501 forsitan
692 476 814 514 nepos
845 464 965 502 fuerit
987 464 1029 502 L.
1055 463 1233 510 Tubero,
1267 465 1301 502 ei
1334 469 1372 503 et
1404 466 1484 503 uita
1517 470 1555 503 et
1577 465 1754 504 doctriua

220 530 382 576 similis,
424 544 512 569 cum
545 531 737 570 Cicerone
780 543 856 570 una
897 531 1004 570 domi
1044 531 1243 577 eruditus,
1283 534 1324 570 iu
1365 533 1502 571 militia
1543 532 1754 571 contuber-

220 599 339 643 nalis,
381 604 469 650 post
510 596 712 648 adfinis2)‚
762 599 979 637 eorundem
1031 600 1254 638 studiorum
1304 600 1462 639 uinculo
1506 602 1753 644 coniunctus,

221 668 260 704 iu
293 669 400 705 omui
433 667 605 718 denique
630 669 709 705 uita
735 668 944 707 familiaris
968 668 1059 717 (Cic.
1084 681 1155 718 pro
1178 668 1309 718 Ligar.
1332 666 1378 713 4,
1405 666 1484 719 10).
1519 670 1552 707 is
1575 668 1619 714 Q.
1644 669 1754 707 Cice-

222 747 376 779 ronem,
418 747 507 773 eum
546 748 579 774 a.
613 732 679 773 61.
712 733 794 774 693
834 737 874 774 in
913 735 1082 774 Africam
1122 737 1370 786 prouinciam
1412 736 1562 781 abiret,
1605 736 1756 787 legatus

221 809 382 841 secutus
413 808 472 841 est
506 803 602 853 (Cic.
636 803 681 841 ad
716 802 848 848 Quint.
880 803 968 842 sr.I
1003 802 1044 847 1,
1068 801 1114 847 3,
1141 801 1203 853 10)
1238 809 1277 842 et
1307 809 1493 855 quattuor
1524 805 1638 842 anuis
1669 809 1756 855 post

221 883 267 908 ex
301 871 431 910 Africa
465 871 663 909 decedens
694 884 737 909 ea
771 884 813 909 re
846 872 892 910 de
915 871 1046 910 Marco
1078 871 1179 910 bene
1212 873 1379 910 meritus
1410 877 1489 916 est,
1522 872 1626 923 quod
1658 884 1755 922 quas

223 939 389 976 insidias
421 938 469 976 ab
493 938 673 977 exulibus
705 940 926 978 coniuratis
958 941 994 977 ei
1026 945 1184 990 paratas
1206 952 1291 977 esse
1325 939 1551 983 audiuerat,
1585 939 1632 977 ad
1665 952 1753 977 eum

221 1006 541 1046 Thessalonicam
575 1007 718 1045 detulit
751 1007 843 1057 (Cic.
878 1020 949 1058 pro
982 1007 1113 1045 Plauc.
1146 1005 1219 1051 41,
1257 1005 1348 1045 lOO.
1411 1009 1460 1046 cl'.
1495 1007 1695 1046 Drumauu
1727 1007 1754 1044 V

220 1088 257 1125 p.
291 1072 402 1125 642).
461 1073 563 1112 bello
596 1076 705 1113 ciuili
740 1081 876 1113 exorto
909 1088 955 1113 ex
988 1080 1147 1113 senatus
1179 1075 1356 1114 consulto
1387 1076 1559 1114 Africam
1590 1076 1754 1126 prouin-

219 1144 320 1180 ciam
355 1143 516 1181 sortitus
556 1155 645 1181 cum
687 1143 765 1181 tilio
807 1145 951 1181 iuuene
985 1156 1031 1181 eo
1063 1143 1267 1194 profectus
1305 1148 1375 1182 est.
1440 1144 1591 1181 interea
1624 1150 1753 1181 tamen

220 1210 262 1248 l‘.
296 1212 425 1249 Attius
458 1210 582 1249 Varus
622 1211 870 1261 prouinciam
911 1210 985 1249 iam
1027 1216 1312 1262 occupauerat,
1356 1212 1520 1262 eiusque
1560 1211 1668 1249 iussu
1707 1208 1752 1254 Q.

220 1278 404 1328 Ligarius
435 1278 690 1317 Tuberonem
722 1278 872 1317 Vticam
905 1279 1152 1322 uenientem,
1186 1281 1261 1318 etsi
1293 1279 1396 1318 filius
1428 1279 1656 1317 ualetudine
1688 1278 1752 1316 ad-

219 1348 349 1385 lectus
380 1352 476 1391 erat,
511 1352 628 1398 portu
661 1352 776 1399 atque
809 1347 954 1398 oppido
982 1347 1200 1398 prohibuit,
1234 1359 1357 1398 quare-
1390 1347 1455 1385 ille
1488 1346 1653 1385 sublatis
1686 1358 1752 1384 au-

220 1417 324 1453 coris
365 1415 410 1453 ad
453 1415 523 1453 Cu.
565 1414 796 1466 Pompeium
837 1416 877 1453 iu
916 1415 1186 1453 Macedoniam
1227 1426 1267 1453 se
1308 1414 1492 1458 contulit,
1541 1413 1610 1452 ubi
1648 1413 1753 1452 [ilius

220 1488 396 1521 armatus
434 1495 588 1534 pugnae
629 1483 880 1522 Pharsalicae.
919 1482 1101 1521 interfuit
1141 1483 1263 1533 (Caes.
1309 1482 1345 1521 b.
1387 1496 1419 1521 e.
1460 1482 1474 1520 Ι
1515 1480 1553 1520 6.
1599 1482 1679 1521 Cic.
1713 1494 1751 1532 p.

220 1551 350 1602 Ligar.
384 1548 428 1596 8,
462 1548 515 1589 23
547 1550 663 1602 sqq.).
726 1556 806 1589 tum
841 1562 937 1588 uero
969 1552 1085 1589 uenia
1120 1564 1139 1588 a
1172 1551 1338 1589 Caesare
1371 1551 1523 1588 uictore
1555 1549 1751 1601 inpetrata

220 1618 385 1657 Romam
417 1620 570 1657 reuersi
603 1617 646 1662 Q.
681 1619 829 1669 Ligarii
869 1618 959 1657 odio
998 1620 1050 1657 ita
1091 1618 1358 1662 indulserunt,
1401 1622 1462 1662 ut,
1503 1630 1592 1657 cum
1625 1630 1673 1656 ue
1705 1630 1751 1655 ex

220 1687 339 1725 exilio
371 1691 642 1730 reuocaretur,
677 1688 887 1730 timerent,
928 1686 972 1731 Q.
1006 1685 1166 1725 Tubero
1207 1686 1308 1738 apud
1342 1685 1511 1724 cundem
1543 1685 1749 1725 Caesarem

220 1755 474 1798 dictatorem,
526 1767 697 1805 quocum
736 1756 818 1806 ipse
859 1756 979 1793 armis
1018 1765 1254 1804 congressus
1294 1761 1397 1798 erat,
1446 1752 1489 1798 Q.
1531 1753 1749 1804 Ligarium,

220 1822 324 1873 quod
356 1823 397 1860 in
428 1822 749 1861 aduersariorum
773 1827 884 1873 parte
909 1822 1066 1867 suisset,
1100 1827 1306 1860 accusaret
1330 1821 1376 1872 (a.
1398 1818 1464 1860 46.
1491 1818 1599 1873 708).
1634 1826 1750 1873 atque

219 1890 284 1928 liic
316 1889 475 1941 quidem
517 1895 555 1927 et
586 1890 767 1929 Caesaris
807 1888 1017 1927 clementia
1058 1893 1097 1927 et
1128 1890 1332 1928 Ciceronis
1369 1889 1650 1940 deprecatione
1683 1888 1751 1927 ab·

221 1957 371 1995 solutus
410 1962 488 2001 est,
534 1958 576 2002 Q.
619 1962 749 1996 autem
790 1956 950 1995 Tubero
991 1969 1080 1994 cum
1120 1970 1203 1995 rem
1250 1970 1328 1996 uou
1369 1957 1606 1995 obtinuisset
1646 1956 1748 2008 apud

221 2026 449 2068 Caesarem,
484 2037 502 2062 a
536 2026 665 2063 causis
697 2024 860 2074 agendis
893 2024 938 2062 ad
972 2026 1033 2062 ius
1064 2025 1184 2063 ciuile
1217 2026 1373 2063 transiit
1406 2024 1607 2075 <Pompou.
1630 2024 1666 2062 d.
1691 2036 1747 2062 or.

221 2094 296 2133 iur.
329 2091 359 2143 ἓ
381 2090 449 2131 46.
498 2093 716 2137 Zirmueru,
752 2092 983 2131 Gesclezelate
1014 2092 1054 2131 cl.
1086 2096 1183 2130 reim.
1214 2093 1485 2131 Privatreclets
1516 2105 1553 2142 p.
1576 2089 1660 2130 282
1689 2104 1746 2143 sq.

220 2158 304 2199 2300
335 2161 420 2212 sq.).

334 2245 387 2283 De
420 2246 565 2283 ceteris
605 2257 742 2282 eorum
783 2246 876 2283 uitis
918 2245 1017 2283 nibil
1049 2250 1107 2282 est
1146 2246 1359 2283 memoriae
1392 2245 1594 2283 traditum.
1657 2256 1746 2282 nam

221 2314 253 2350 is
285 2312 329 2357 Q.
354 2312 534 2356 Tubero,
569 2315 635 2364 qui
659 2313 794 2350 consul
825 2313 900 2350 suit
932 2325 964 2350 a.
992 2310 1161 2363 11.‚743
1185 2314 1238 2362 (C.
1263 2313 1290 2351 Ι.
1315 2313 1355 2352 L.
1381 2313 1392 2350 1
1418 2325 1454 2351 u.
1479 2309 1572 2361 799)
1598 2317 1747 2350 temere

220 2382 410 2418 confusus
441 2386 500 2417 est
531 2393 621 2418 cum
653 2382 797 2424 Quinto
831 2379 939 2417 Lucii
982 2380 1059 2417 lilio
1093 2380 1258 2427 (Rrause
1295 2394 1332 2431 p.
1365 2378 1476 2431 324).
1538 2381 1613 2418 suit
1643 2381 1747 2417 euim

220 2448 354 2492 Quinti
378 2448 481 2486 tilius
504 2448 604 2497 (fast.
630 2448 805 2486 Mouuus.
831 2460 867 2498 p.
885 2445 994 2494 547),
1020 2448 1257 2499 uideturque
1280 2449 1326 2487 ad
1351 2448 1518 2487 eundem
1541 2447 1748 2498 Dionysius

221 2516 561 2554 llaliearuaseusis
600 2515 648 2553 ab
682 2517 767 2566 ipso
799 2515 1023 2552 admonitus
1056 2515 1222 2560 librum,
1263 2518 1330 2567 qni
1370 2515 1605 2554 inscribitur
1645 2512 1748 2565 περὶ

220 2582 299 2621 τοῦ
332 2581 622 2622 Θουκυδίδου
653 2581 953 2634 χαρακτῆρος,
986 2583 1141 2621 misisse
1176 2582 1222 2633 (e.
1263 2584 1301 2628 l,
1333 2581 1372 2622 2.
1394 2581 1468 2627 55,
1490 2581 1530 2621 3.
1564 2584 1613 2620 cl'.
1645 2592 1747 2629 quae

315 2784 338 2824 ¹)
367 2784 442 2817 Cic.
470 2785 513 2816 de
541 2789 631 2817 orat.
660 2786 714 2818 111
740 2787 800 2827 23,
827 2786 881 2819 87.
923 2784 965 2815 de
994 2784 1088 2816 offic.
1117 2786 1171 2817 ΙΙΙ
1199 2787 1257 2826 15,
1284 2787 1337 2820 63,
1373 2785 1416 2817 de
1444 2785 1500 2817 fin.
1528 2785 1600 2816 1111
1625 2786 1664 2823 9,
1690 2785 1743 2816 23.

221 2840 367 2871 'susc-ul.
394 2841 468 2872 1111
494 2844 530 2881 2,
558 2843 577 2872 4
605 2842 650 2873 cf.
678 2842 781 2875 acad,
810 2841 845 2872 ΙΙ
869 2842 930 2881 44,
959 2842 1033 2874 135.

310 2895 336 2936 ²)
365 2897 418 2927 De
445 2897 512 2927 liae
538 2897 731 2928 adfinitate
757 2898 804 2930 cs.
832 2899 1017 2929 Drumaun
1045 2897 1073 2927 V
1100 2908 1132 2938 p.
1160 2898 1224 2928 ‘214
1252 2908 1283 2928 u.
1312 2899 1365 2930 55.
