<?xml version="1.0" encoding="UTF-8"?>
<!DOCTYPE html PUBLIC "-//W3C//DTD XHTML 1.0 Transitional//EN"
    "http://www.w3.org/TR/xhtml1/DTD/xhtml1-transitional.dtd">
<html xmlns="http://www.w3.org/1999/xhtml" xml:lang="en" lang="en">
 <head>
  <title>
</title>
<meta http-equiv="Content-Type" content="text/html;charset=utf-8" />
  <meta name='ocr-system' content='tesseract 3.04.00' />
  <meta name='ocr-capabilities' content='ocr_page ocr_carea ocr_par ocr_line ocrx_word'/>
</head>
<body>
  <div class='ocr_page' id='page_1' title='image "./veterumhistorico01peteuoft_0525.png"; bbox 0 0 1884 3213; ppageno 0'>
   <div class='ocr_carea' id='block_1_1' title="bbox 0 707 7 1231">
    <p class='ocr_par' dir='ltr' id='par_1_1' title="bbox 0 707 7 1231">
     <span class='ocr_line' id='line_1_1' title="bbox 0 707 7 1231; baseline 0 0"><span class='ocrx_word' id='word_1_1' title='bbox 0 707 7 1231; x_wconf 95' lang='lat' dir='ltr'> </span> 
     </span>
    </p>
   </div>
   <div class='ocr_carea' id='block_1_2' title="bbox 93 609 108 635">
    <p class='ocr_par' dir='ltr' id='par_1_2' title="bbox 93 609 108 635">
     <span class='ocr_line' id='line_1_2' title="bbox 93 609 108 635; textangle 90"><span class='ocrx_word' id='word_1_2' title='bbox 93 609 108 635; x_wconf 64' lang='grc' dir='ltr'>υἱ</span> 
     </span>
    </p>
   </div>
   <div class='ocr_carea' id='block_1_3' title="bbox 233 195 1651 235">
    <p class='ocr_par' dir='ltr' id='par_1_3' title="bbox 233 195 1651 235">
     <span class='ocr_line' id='line_1_3' title="bbox 233 195 1651 235; baseline -0.003 -2"><span class='ocrx_word' id='word_1_3' title='bbox 233 202 273 234; x_wconf 93' lang='lat' dir='ltr'>L.</span> <span class='ocrx_word' id='word_1_4' title='bbox 303 200 565 233; x_wconf 82' lang='lat' dir='ltr'><strong>CALPVRNII</strong></span> <span class='ocrx_word' id='word_1_5' title='bbox 590 200 780 233; x_wconf 83' lang='lat' dir='ltr'>PISONIS</span> <span class='ocrx_word' id='word_1_6' title='bbox 807 199 1033 232; x_wconf 75' lang='lat' dir='ltr'>CENSORI]</span> <span class='ocrx_word' id='word_1_7' title='bbox 1065 197 1210 231; x_wconf 75' lang='lat' dir='ltr'>FRVGI</span> <span class='ocrx_word' id='word_1_8' title='bbox 1236 196 1458 231; x_wconf 81' lang='lat' dir='ltr'><strong>ANNALES</strong></span> <span class='ocrx_word' id='word_1_9' title='bbox 1577 195 1651 235; x_wconf 74' lang='lat'>131</span> 
     </span>
    </p>
   </div>
   <div class='ocr_carea' id='block_1_4' title="bbox 137 311 1658 703">
    <p class='ocr_par' dir='ltr' id='par_1_4' title="bbox 137 311 1658 703">
     <span class='ocr_line' id='line_1_4' title="bbox 137 311 1655 367; baseline -0.005 -13"><span class='ocrx_word' id='word_1_10' title='bbox 137 328 252 367; x_wconf 80' lang='lat' dir='ltr'>quam</span> <span class='ocrx_word' id='word_1_11' title='bbox 285 316 427 354; x_wconf 80' lang='lat' dir='ltr'>secisse</span> <span class='ocrx_word' id='word_1_12' title='bbox 451 314 520 352; x_wconf 87' lang='lat' dir='ltr'>Cn.</span> <span class='ocrx_word' id='word_1_13' title='bbox 544 314 737 359; x_wconf 78' lang='lat' dir='ltr'>Flauium,</span> <span class='ocrx_word' id='word_1_14' title='bbox 769 315 872 353; x_wconf 87' lang='lat' dir='ltr'>Anni</span> <span class='ocrx_word' id='word_1_15' title='bbox 906 314 1043 358; x_wconf 82' lang='lat' dir='ltr'>lilium,</span> <span class='ocrx_word' id='word_1_16' title='bbox 1077 313 1241 352; x_wconf 76' lang='lat' dir='ltr'>aedilem</span> <span class='ocrx_word' id='word_1_17' title='bbox 1275 312 1467 357; x_wconf 77' lang='lat' dir='ltr'>curulem,</span> <span class='ocrx_word' id='word_1_18' title='bbox 1501 311 1541 349; x_wconf 61' lang='lat'>1..</span> <span class='ocrx_word' id='word_1_19' title='bbox 1567 311 1655 348; x_wconf 78' lang='lat' dir='ltr'>Piso</span> 
     </span>
     <span class='ocr_line' id='line_1_5' title="bbox 138 382 1656 433; baseline -0.004 -12"><span class='ocrx_word' id='word_1_20' title='bbox 138 385 177 422; x_wconf 94' lang='lat' dir='ltr'>in</span> <span class='ocrx_word' id='word_1_21' title='bbox 220 384 338 421; x_wconf 78' lang='lat' dir='ltr'>tortio</span> <span class='ocrx_word' id='word_1_22' title='bbox 380 382 513 421; x_wconf 79' lang='lat' dir='ltr'>annali</span> <span class='ocrx_word' id='word_1_23' title='bbox 553 384 734 433; x_wconf 74' lang='lat' dir='ltr'>scripsit.</span> <span class='ocrx_word' id='word_1_24' title='bbox 781 394 904 432; x_wconf 69' lang='lat' dir='ltr'>eaque</span> <span class='ocrx_word' id='word_1_25' title='bbox 953 394 1014 420; x_wconf 76' lang='lat' dir='ltr'>ros</span> <span class='ocrx_word' id='word_1_26' title='bbox 1054 394 1242 432; x_wconf 77' lang='lat' dir='ltr'>perquam</span> <span class='ocrx_word' id='word_1_27' title='bbox 1282 392 1380 431; x_wconf 82' lang='lat' dir='ltr'>pure</span> <span class='ocrx_word' id='word_1_28' title='bbox 1412 384 1450 417; x_wconf 83' lang='lat' dir='ltr'>et</span> <span class='ocrx_word' id='word_1_29' title='bbox 1490 383 1656 416; x_wconf 70' lang='lat' dir='ltr'>uonusl(¹</span> 
     </span>
     <span class='ocr_line' id='line_1_6' title="bbox 138 445 1656 494; baseline -0.005 -5"><span class='ocrx_word' id='word_1_30' title='bbox 138 455 295 489; x_wconf 78' lang='lat' dir='ltr'>narrata</span> <span class='ocrx_word' id='word_1_31' title='bbox 336 463 355 488; x_wconf 80' lang='lat' dir='ltr'>a</span> <span class='ocrx_word' id='word_1_32' title='bbox 394 450 556 494; x_wconf 84' lang='lat' dir='ltr'>Pisone,</span> <span class='ocrx_word' id='word_1_33' title='bbox 605 450 735 488; x_wconf 77' lang='lat' dir='ltr'>lorum</span> <span class='ocrx_word' id='word_1_34' title='bbox 777 451 894 488; x_wconf 75' lang='lat' dir='ltr'>istum</span> <span class='ocrx_word' id='word_1_35' title='bbox 943 455 1068 487; x_wconf 74' lang='lat' dir='ltr'>tolum</span> <span class='ocrx_word' id='word_1_36' title='bbox 1117 449 1193 487; x_wconf 85' lang='lat' dir='ltr'>huc</span> <span class='ocrx_word' id='word_1_37' title='bbox 1239 460 1284 486; x_wconf 81' lang='lat' dir='ltr'>ox</span> <span class='ocrx_word' id='word_1_38' title='bbox 1326 447 1481 485; x_wconf 75' lang='lat' dir='ltr'>Pisonis</span> <span class='ocrx_word' id='word_1_39' title='bbox 1526 445 1656 484; x_wconf 79' lang='lat' dir='ltr'>annali</span> 
     </span>
     <span class='ocr_line' id='line_1_7' title="bbox 137 515 1655 568; baseline -0.004 -12"><span class='ocrx_word' id='word_1_40' title='bbox 137 518 476 568; x_wconf 79' lang='lat' dir='ltr'>transposuinnls:</span> <span class='ocrx_word' id='word_1_41' title='bbox 511 517 595 560; x_wconf 63' lang='lat' dir='ltr'>Cn„</span> <span class='ocrx_word' id='word_1_42' title='bbox 621 518 762 568; x_wconf 76' lang='lat' dir='ltr'>inquit,</span> <span class='ocrx_word' id='word_1_43' title='bbox 795 516 970 561; x_wconf 79' lang='lat' dir='ltr'>Flauius,</span> <span class='ocrx_word' id='word_1_44' title='bbox 1004 522 1115 567; x_wconf 76' lang='lat' dir='ltr'>patro</span> <span class='ocrx_word' id='word_1_45' title='bbox 1148 515 1337 553; x_wconf 81' lang='lat' dir='ltr'>libertino</span> <span class='ocrx_word' id='word_1_46' title='bbox 1370 519 1497 558; x_wconf 77' lang='lat' dir='ltr'>natus,</span> <span class='ocrx_word' id='word_1_47' title='bbox 1531 515 1655 564; x_wconf 72' lang='lat' dir='ltr'>scrip-</span> 
     </span>
     <span class='ocr_line' id='line_1_8' title="bbox 142 581 1657 635; baseline -0.004 -12"><span class='ocrx_word' id='word_1_48' title='bbox 142 590 225 624; x_wconf 76' lang='lat' dir='ltr'>tum</span> <span class='ocrx_word' id='word_1_49' title='bbox 264 584 454 629; x_wconf 76' lang='lat' dir='ltr'>faciebat,</span> <span class='ocrx_word' id='word_1_50' title='bbox 495 586 607 635; x_wconf 85' lang='lat' dir='ltr'>isque</span> <span class='ocrx_word' id='word_1_51' title='bbox 648 586 687 622; x_wconf 92' lang='lat' dir='ltr'>in</span> <span class='ocrx_word' id='word_1_52' title='bbox 720 597 766 622; x_wconf 80' lang='lat' dir='ltr'>eo</span> <span class='ocrx_word' id='word_1_53' title='bbox 799 589 976 634; x_wconf 68' lang='lat' dir='ltr'>temporo</span> <span class='ocrx_word' id='word_1_54' title='bbox 1008 583 1127 621; x_wconf 78' lang='lat' dir='ltr'>aedili</span> <span class='ocrx_word' id='word_1_55' title='bbox 1158 582 1289 621; x_wconf 87' lang='lat' dir='ltr'>curuli</span> <span class='ocrx_word' id='word_1_56' title='bbox 1320 581 1547 633; x_wconf 61' lang='lat' dir='ltr'>apparolnu„</span> <span class='ocrx_word' id='word_1_57' title='bbox 1581 593 1657 631; x_wconf 81' lang='lat' dir='ltr'>quo</span> 
     </span>
     <span class='ocr_line' id='line_1_9' title="bbox 138 648 1658 703; baseline -0.004 -12"><span class='ocrx_word' id='word_1_58' title='bbox 138 658 317 703; x_wconf 77' lang='lat' dir='ltr'>tempore</span> <span class='ocrx_word' id='word_1_59' title='bbox 348 651 496 690; x_wconf 78' lang='lat' dir='ltr'>aediles</span> <span class='ocrx_word' id='word_1_60' title='bbox 528 651 809 701; x_wconf 77' lang='lat' dir='ltr'>subrogantur,</span> <span class='ocrx_word' id='word_1_61' title='bbox 843 663 1011 701; x_wconf 84' lang='lat' dir='ltr'>eumque</span> <span class='ocrx_word' id='word_1_62' title='bbox 1044 663 1115 701; x_wconf 90' lang='lat' dir='ltr'>pro</span> <span class='ocrx_word' id='word_1_63' title='bbox 1145 650 1256 688; x_wconf 81' lang='lat' dir='ltr'>tribu</span> <span class='ocrx_word' id='word_1_64' title='bbox 1279 649 1447 687; x_wconf 80' lang='lat' dir='ltr'>aedilem</span> <span class='ocrx_word' id='word_1_65' title='bbox 1480 648 1658 686; x_wconf 67' lang='lat' dir='ltr'>curulem</span> 
     </span>
    </p>
   </div>
   <div class='ocr_carea' id='block_1_5' title="bbox 141 805 1673 2424">
    <p class='ocr_par' dir='ltr' id='par_1_5' title="bbox 141 805 1673 2424">
     <span class='ocr_line' id='line_1_10' title="bbox 230 805 1658 850; baseline -0.003 -10"><span class='ocrx_word' id='word_1_66' title='bbox 230 805 287 841; x_wconf 78' lang='grc'>27.</span> <span class='ocrx_word' id='word_1_67' title='bbox 326 810 389 841; x_wconf 76' lang='lat' dir='ltr'>Vel</span> <span class='ocrx_word' id='word_1_68' title='bbox 419 812 452 840; x_wconf 73' lang='lat' dir='ltr'>in</span> <span class='ocrx_word' id='word_1_69' title='bbox 482 808 594 840; x_wconf 79' lang='lat' dir='ltr'>uerbis</span> <span class='ocrx_word' id='word_1_70' title='bbox 625 808 819 850; x_wconf 73' lang='lat' dir='ltr'>quibasdam</span> <span class='ocrx_word' id='word_1_71' title='bbox 848 809 1024 848; x_wconf 76' lang='lat' dir='ltr'><em>conspirat</em></span> <span class='ocrx_word' id='word_1_72' title='bbox 1061 818 1131 839; x_wconf 80' lang='lat' dir='ltr'>cum</span> <span class='ocrx_word' id='word_1_73' title='bbox 1165 807 1269 838; x_wconf 79' lang='lat' dir='ltr'>Gellio</span> <span class='ocrx_word' id='word_1_74' title='bbox 1302 807 1421 837; x_wconf 76' lang='lat' dir='ltr'>Liuius</span> <span class='ocrx_word' id='word_1_75' title='bbox 1451 805 1574 837; x_wconf 86' lang='lat' dir='ltr'><em>VIIII</em></span> <span class='ocrx_word' id='word_1_76' title='bbox 1604 806 1658 844; x_wconf 81' lang='lat'>46,</span> 
     </span>
     <span class='ocr_line' id='line_1_11' title="bbox 142 851 1662 896; baseline -0.003 -10"><span class='ocrx_word' id='word_1_77' title='bbox 142 855 261 894; x_wconf 80' lang='lat'>1—10‚</span> <span class='ocrx_word' id='word_1_78' title='bbox 287 865 308 885; x_wconf 83' lang='grc' dir='ltr'>(ι</span> <span class='ocrx_word' id='word_1_79' title='bbox 333 865 396 896; x_wconf 81' lang='lat' dir='ltr'>qno</span> <span class='ocrx_word' id='word_1_80' title='bbox 414 855 513 885; x_wconf 74' lang='lat' dir='ltr'>etiam</span> <span class='ocrx_word' id='word_1_81' title='bbox 530 858 632 886; x_wconf 77' lang='lat' dir='ltr'>totum</span> <span class='ocrx_word' id='word_1_82' title='bbox 656 857 758 894; x_wconf 82' lang='lat' dir='ltr'>caput</span> <span class='ocrx_word' id='word_1_83' title='bbox 784 855 1040 894; x_wconf 73' lang='lat' dir='ltr'>transserz&#39;ptwn</span> <span class='ocrx_word' id='word_1_84' title='bbox 1065 863 1137 884; x_wconf 86' lang='grc'><em>6336</em></span> <span class='ocrx_word' id='word_1_85' title='bbox 1163 863 1209 883; x_wconf 61' lang='lat' dir='ltr'>ea)</span> <span class='ocrx_word' id='word_1_86' title='bbox 1227 852 1351 883; x_wconf 77' lang='lat' dir='ltr'>Pisone</span> <span class='ocrx_word' id='word_1_87' title='bbox 1377 852 1540 882; x_wconf 75' lang='lat' dir='ltr'>euincz‘tzcr</span> <span class='ocrx_word' id='word_1_88' title='bbox 1558 851 1662 881; x_wconf 70' lang='lat' dir='ltr'>Plinii</span> 
     </span>
     <span class='ocr_line' id='line_1_12' title="bbox 141 895 1659 941; baseline -0.004 -10"><span class='ocrx_word' id='word_1_89' title='bbox 141 910 322 940; x_wconf 70' lang='lat' dir='ltr'>consensu,</span> <span class='ocrx_word' id='word_1_90' title='bbox 355 910 448 941; x_wconf 80' lang='lat' dir='ltr'>quem</span> <span class='ocrx_word' id='word_1_91' title='bbox 472 901 505 930; x_wconf 81' lang='lat' dir='ltr'>in</span> <span class='ocrx_word' id='word_1_92' title='bbox 531 900 646 930; x_wconf 78' lang='lat' dir='ltr'>eadem</span> <span class='ocrx_word' id='word_1_93' title='bbox 671 910 709 930; x_wconf 79' lang='lat' dir='ltr'>re</span> <span class='ocrx_word' id='word_1_94' title='bbox 740 899 945 939; x_wconf 73' lang='lat' dir='ltr'>exponenda</span> <span class='ocrx_word' id='word_1_95' title='bbox 977 899 1100 930; x_wconf 75' lang='lat' dir='ltr'>Pisone</span> <span class='ocrx_word' id='word_1_96' title='bbox 1131 907 1222 929; x_wconf 79' lang='lat' dir='ltr'>usum</span> <span class='ocrx_word' id='word_1_97' title='bbox 1252 907 1325 928; x_wconf 87' lang='grc'><em>6336</em></span> <span class='ocrx_word' id='word_1_98' title='bbox 1355 907 1461 937; x_wconf 74' lang='lat' dir='ltr'>supra</span> <span class='ocrx_word' id='word_1_99' title='bbox 1492 895 1542 935; x_wconf 82' lang='lat' dir='ltr'>(p.</span> <span class='ocrx_word' id='word_1_100' title='bbox 1567 895 1659 935; x_wconf 63' lang='lat' dir='ltr'><em>CCI)</em></span> 
     </span>
     <span class='ocr_line' id='line_1_13' title="bbox 143 941 1662 984; baseline -0.004 -8"><span class='ocrx_word' id='word_1_101' title='bbox 143 946 449 979; x_wconf 68' lang='lat' dir='ltr'>‹lemonstrauimzm,</span> <span class='ocrx_word' id='word_1_102' title='bbox 497 945 579 975; x_wconf 62' lang='lat' dir='ltr'>llaec</span> <span class='ocrx_word' id='word_1_103' title='bbox 604 945 704 984; x_wconf 55' lang='lat' dir='ltr'>{qitm‘</span> <span class='ocrx_word' id='word_1_104' title='bbox 731 945 846 975; x_wconf 72' lang='lat' dir='ltr'>Liuius</span> <span class='ocrx_word' id='word_1_105' title='bbox 871 942 933 984; x_wconf 64' lang='lat' dir='ltr'>(em</span> <span class='ocrx_word' id='word_1_106' title='bbox 958 954 1021 984; x_wconf 80' lang='lat' dir='ltr'>qno</span> <span class='ocrx_word' id='word_1_107' title='bbox 1046 954 1108 974; x_wconf 75' lang='lat' dir='ltr'>sua</span> <span class='ocrx_word' id='word_1_108' title='bbox 1138 945 1275 983; x_wconf 75' lang='lat' dir='ltr'><em>sumpsit</em></span> <span class='ocrx_word' id='word_1_109' title='bbox 1307 942 1464 973; x_wconf 71' lang='lat' dir='ltr'>Valerius</span> <span class='ocrx_word' id='word_1_110' title='bbox 1490 941 1662 972; x_wconf 70' lang='lat' dir='ltr'>Maoeimns</span> 
     </span>
     <span class='ocr_line' id='line_1_14' title="bbox 144 985 1661 1028; baseline -0.004 -8"><span class='ocrx_word' id='word_1_111' title='bbox 144 990 186 1021; x_wconf 91' lang='lat' dir='ltr'>II</span> <span class='ocrx_word' id='word_1_112' title='bbox 211 991 242 1028; x_wconf 86' lang='lat'>5,</span> <span class='ocrx_word' id='word_1_113' title='bbox 270 990 324 1028; x_wconf 81' lang='lat'>2):</span> <span class='ocrx_word' id='word_1_114' title='bbox 357 989 493 1021; x_wconf 86' lang='lat' dir='ltr'>Eodem</span> <span class='ocrx_word' id='word_1_115' title='bbox 521 999 615 1020; x_wconf 85' lang='lat' dir='ltr'>anno</span> <span class='ocrx_word' id='word_1_116' title='bbox 642 988 705 1022; x_wconf 89' lang='lat' dir='ltr'>Cn.</span> <span class='ocrx_word' id='word_1_117' title='bbox 730 988 882 1020; x_wconf 84' lang='lat' dir='ltr'>Flauius</span> <span class='ocrx_word' id='word_1_118' title='bbox 909 989 972 1019; x_wconf 79' lang='lat' dir='ltr'>Cn.</span> <span class='ocrx_word' id='word_1_119' title='bbox 997 987 1095 1019; x_wconf 86' lang='lat' dir='ltr'>filius</span> <span class='ocrx_word' id='word_1_120' title='bbox 1121 988 1259 1027; x_wconf 86' lang='lat' dir='ltr'>scriba,</span> <span class='ocrx_word' id='word_1_121' title='bbox 1288 990 1414 1028; x_wconf 87' lang='lat' dir='ltr'>patre</span> <span class='ocrx_word' id='word_1_122' title='bbox 1441 985 1661 1016; x_wconf 82' lang='lat' dir='ltr'>libertino</span> 
     </span>
     <span class='ocr_line' id='line_1_15' title="bbox 143 1030 1664 1072; baseline -0.003 -7"><span class='ocrx_word' id='word_1_123' title='bbox 143 1034 270 1065; x_wconf 88' lang='lat' dir='ltr'>humili</span> <span class='ocrx_word' id='word_1_124' title='bbox 294 1034 438 1066; x_wconf 85' lang='lat' dir='ltr'>fortuna</span> <span class='ocrx_word' id='word_1_125' title='bbox 469 1038 612 1072; x_wconf 88' lang='lat' dir='ltr'>ortus,</span> <span class='ocrx_word' id='word_1_126' title='bbox 645 1037 805 1065; x_wconf 85' lang='lat' dir='ltr'>ceterum</span> <span class='ocrx_word' id='word_1_127' title='bbox 833 1033 987 1064; x_wconf 78' lang='lat' dir='ltr'>callidus</span> <span class='ocrx_word' id='word_1_128' title='bbox 1012 1034 1069 1064; x_wconf 90' lang='lat' dir='ltr'>uir</span> <span class='ocrx_word' id='word_1_129' title='bbox 1093 1039 1127 1064; x_wconf 89' lang='lat' dir='ltr'>et</span> <span class='ocrx_word' id='word_1_130' title='bbox 1153 1032 1344 1071; x_wconf 81' lang='lat' dir='ltr'>facundus,</span> <span class='ocrx_word' id='word_1_131' title='bbox 1371 1030 1503 1062; x_wconf 86' lang='lat' dir='ltr'>aedilis</span> <span class='ocrx_word' id='word_1_132' title='bbox 1529 1030 1664 1061; x_wconf 87' lang='lat' dir='ltr'>curulis</span> 
     </span>
     <span class='ocr_line' id='line_1_16' title="bbox 144 1075 1664 1119; baseline -0.003 -9"><span class='ocrx_word' id='word_1_133' title='bbox 144 1080 226 1110; x_wconf 81' lang='lat' dir='ltr'>suit.</span> <span class='ocrx_word' id='word_1_134' title='bbox 274 1080 420 1110; x_wconf 85' lang='lat' dir='ltr'>inuenio</span> <span class='ocrx_word' id='word_1_135' title='bbox 446 1080 483 1110; x_wconf 85' lang='lat' dir='ltr'>iu</span> <span class='ocrx_word' id='word_1_136' title='bbox 516 1079 728 1119; x_wconf 84' lang='lat' dir='ltr'>quibusdam</span> <span class='ocrx_word' id='word_1_137' title='bbox 766 1079 977 1117; x_wconf 77' lang='lat' dir='ltr'>annalibus,</span> <span class='ocrx_word' id='word_1_138' title='bbox 1018 1088 1110 1109; x_wconf 89' lang='lat' dir='ltr'>cum</span> <span class='ocrx_word' id='word_1_139' title='bbox 1148 1082 1392 1118; x_wconf 77' lang='lat' dir='ltr'>appareret</span> <span class='ocrx_word' id='word_1_140' title='bbox 1429 1075 1664 1107; x_wconf 84' lang='lat' dir='ltr'>aedilibus</span> 
     </span>
     <span class='ocr_line' id='line_1_17' title="bbox 144 1120 1663 1165; baseline -0.003 -9"><span class='ocrx_word' id='word_1_141' title='bbox 144 1124 292 1165; x_wconf 88' lang='lat' dir='ltr'>fierique</span> <span class='ocrx_word' id='word_1_142' title='bbox 330 1134 368 1155; x_wconf 91' lang='lat' dir='ltr'>se</span> <span class='ocrx_word' id='word_1_143' title='bbox 406 1134 470 1165; x_wconf 88' lang='lat' dir='ltr'>pro</span> <span class='ocrx_word' id='word_1_144' title='bbox 506 1125 604 1156; x_wconf 89' lang='lat' dir='ltr'>tribu</span> <span class='ocrx_word' id='word_1_145' title='bbox 641 1123 795 1155; x_wconf 80' lang='lat' dir='ltr'>aedilem</span> <span class='ocrx_word' id='word_1_146' title='bbox 832 1124 974 1154; x_wconf 79' lang='lat' dir='ltr'>uideret</span> <span class='ocrx_word' id='word_1_147' title='bbox 1012 1133 1129 1164; x_wconf 88' lang='lat' dir='ltr'>neque</span> <span class='ocrx_word' id='word_1_148' title='bbox 1167 1122 1317 1163; x_wconf 82' lang='lat' dir='ltr'>accipi</span> <span class='ocrx_word' id='word_1_149' title='bbox 1353 1131 1521 1157; x_wconf 85' lang='lat' dir='ltr'>nomen,</span> <span class='ocrx_word' id='word_1_150' title='bbox 1560 1120 1663 1161; x_wconf 88' lang='lat' dir='ltr'>quia</span> 
     </span>
     <span class='ocr_line' id='line_1_18' title="bbox 145 1166 1663 1211; baseline -0.004 -10"><span class='ocrx_word' id='word_1_151' title='bbox 145 1170 365 1211; x_wconf 86' lang='lat' dir='ltr'>scriptum</span> <span class='ocrx_word' id='word_1_152' title='bbox 397 1170 589 1210; x_wconf 84' lang='lat' dir='ltr'>faceret,</span> <span class='ocrx_word' id='word_1_153' title='bbox 626 1168 827 1199; x_wconf 78' lang='lat' dir='ltr'>tabulam</span> <span class='ocrx_word' id='word_1_154' title='bbox 859 1168 1064 1209; x_wconf 78' lang='lat' dir='ltr'>posuisse</span> <span class='ocrx_word' id='word_1_155' title='bbox 1096 1170 1133 1199; x_wconf 89' lang='lat' dir='ltr'>et</span> <span class='ocrx_word' id='word_1_156' title='bbox 1164 1168 1340 1199; x_wconf 85' lang='lat' dir='ltr'>iurasse</span> <span class='ocrx_word' id='word_1_157' title='bbox 1374 1177 1416 1197; x_wconf 89' lang='lat' dir='ltr'>se</span> <span class='ocrx_word' id='word_1_158' title='bbox 1448 1166 1663 1207; x_wconf 84' lang='lat' dir='ltr'>scriptum</span> 
     </span>
     <span class='ocr_line' id='line_1_19' title="bbox 145 1210 1664 1254; baseline -0.003 -9"><span class='ocrx_word' id='word_1_159' title='bbox 145 1223 228 1246; x_wconf 92' lang='lat' dir='ltr'>non</span> <span class='ocrx_word' id='word_1_160' title='bbox 255 1214 488 1248; x_wconf 79' lang='lat' dir='ltr'>facturum,</span> <span class='ocrx_word' id='word_1_161' title='bbox 536 1211 668 1254; x_wconf 82' lang='lat' dir='ltr'>&lt;quem</span> <span class='ocrx_word' id='word_1_162' title='bbox 696 1213 885 1253; x_wconf 86' lang='lat' dir='ltr'>aliquanto</span> <span class='ocrx_word' id='word_1_163' title='bbox 911 1216 996 1244; x_wconf 85' lang='lat' dir='ltr'>ante</span> <span class='ocrx_word' id='word_1_164' title='bbox 1025 1212 1160 1244; x_wconf 85' lang='lat' dir='ltr'>desisse</span> <span class='ocrx_word' id='word_1_165' title='bbox 1193 1212 1366 1253; x_wconf 86' lang='lat' dir='ltr'>scriptum</span> <span class='ocrx_word' id='word_1_166' title='bbox 1397 1210 1517 1242; x_wconf 83' lang='lat' dir='ltr'>facere</span> <span class='ocrx_word' id='word_1_167' title='bbox 1543 1211 1664 1251; x_wconf 83' lang='lat' dir='ltr'>arguit</span> 
     </span>
     <span class='ocr_line' id='line_1_20' title="bbox 144 1257 1664 1299; baseline -0.003 -9"><span class='ocrx_word' id='word_1_168' title='bbox 144 1259 271 1290; x_wconf 80' lang='lat' dir='ltr'>Macer</span> <span class='ocrx_word' id='word_1_169' title='bbox 287 1259 453 1290; x_wconf 88' lang='lat' dir='ltr'>Licinius</span> <span class='ocrx_word' id='word_1_170' title='bbox 478 1258 539 1299; x_wconf 77' lang='lat' dir='ltr'>(fr.</span> <span class='ocrx_word' id='word_1_171' title='bbox 560 1257 615 1299; x_wconf 77' lang='lat'>18)</span> <span class='ocrx_word' id='word_1_172' title='bbox 640 1258 826 1290; x_wconf 78' lang='lat' dir='ltr'>tribunatu</span> <span class='ocrx_word' id='word_1_173' title='bbox 852 1261 937 1290; x_wconf 86' lang='lat' dir='ltr'>ante</span> <span class='ocrx_word' id='word_1_174' title='bbox 956 1260 1061 1299; x_wconf 85' lang='lat' dir='ltr'>gesto</span> <span class='ocrx_word' id='word_1_175' title='bbox 1086 1257 1461 1297; x_wconf 80' lang='lat' dir='ltr'>triumuiratibusque,</span> <span class='ocrx_word' id='word_1_176' title='bbox 1488 1258 1664 1287; x_wconf 86' lang='lat' dir='ltr'>nocturno</span> 
     </span>
     <span class='ocr_line' id='line_1_21' title="bbox 147 1301 1663 1344; baseline -0.003 -9"><span class='ocrx_word' id='word_1_177' title='bbox 147 1305 276 1344; x_wconf 77' lang='lat' dir='ltr'>altero,</span> <span class='ocrx_word' id='word_1_178' title='bbox 303 1304 418 1335; x_wconf 85' lang='lat' dir='ltr'>altero</span> <span class='ocrx_word' id='word_1_179' title='bbox 445 1304 609 1335; x_wconf 87' lang='lat' dir='ltr'>coloniae</span> <span class='ocrx_word' id='word_1_180' title='bbox 633 1302 910 1344; x_wconf 82' lang='lat' dir='ltr'>deducendae.)</span> <span class='ocrx_word' id='word_1_181' title='bbox 958 1305 1138 1341; x_wconf 88' lang='lat' dir='ltr'>ceterum,</span> <span class='ocrx_word' id='word_1_182' title='bbox 1165 1302 1201 1333; x_wconf 87' lang='lat' dir='ltr'>id</span> <span class='ocrx_word' id='word_1_183' title='bbox 1227 1301 1321 1343; x_wconf 88' lang='lat' dir='ltr'>quod</span> <span class='ocrx_word' id='word_1_184' title='bbox 1345 1301 1441 1332; x_wconf 84' lang='lat' dir='ltr'>haud</span> <span class='ocrx_word' id='word_1_185' title='bbox 1468 1301 1663 1341; x_wconf 82' lang='lat' dir='ltr'>discrepat,</span> 
     </span>
     <span class='ocr_line' id='line_1_22' title="bbox 147 1346 1663 1384; baseline -0.003 -4"><span class='ocrx_word' id='word_1_186' title='bbox 147 1349 378 1382; x_wconf 73' lang='lat' dir='ltr'>contumacia</span> <span class='ocrx_word' id='word_1_187' title='bbox 409 1348 586 1380; x_wconf 87' lang='lat' dir='ltr'>aduersus</span> <span class='ocrx_word' id='word_1_188' title='bbox 612 1352 886 1380; x_wconf 80' lang='lat' dir='ltr'>contemnentes</span> <span class='ocrx_word' id='word_1_189' title='bbox 920 1347 1162 1379; x_wconf 80' lang='lat' dir='ltr'>humilitatem</span> <span class='ocrx_word' id='word_1_190' title='bbox 1188 1357 1289 1378; x_wconf 83' lang='lat' dir='ltr'>suam</span> <span class='ocrx_word' id='word_1_191' title='bbox 1322 1346 1461 1377; x_wconf 88' lang='lat' dir='ltr'>nobiles</span> <span class='ocrx_word' id='word_1_192' title='bbox 1487 1346 1663 1384; x_wconf 66' lang='lat' dir='ltr'>certauit,</span> 
     </span>
     <span class='ocr_line' id='line_1_23' title="bbox 147 1391 1666 1435; baseline -0.003 -10"><span class='ocrx_word' id='word_1_193' title='bbox 147 1394 256 1426; x_wconf 84' lang='lat' dir='ltr'>ciuile</span> <span class='ocrx_word' id='word_1_194' title='bbox 282 1395 338 1425; x_wconf 89' lang='lat' dir='ltr'>ius</span> <span class='ocrx_word' id='word_1_195' title='bbox 357 1395 557 1435; x_wconf 88' lang='lat' dir='ltr'>repositum</span> <span class='ocrx_word' id='word_1_196' title='bbox 580 1394 617 1424; x_wconf 92' lang='lat' dir='ltr'>in</span> <span class='ocrx_word' id='word_1_197' title='bbox 636 1393 886 1435; x_wconf 78' lang='lat' dir='ltr'>penetralibus</span> <span class='ocrx_word' id='word_1_198' title='bbox 911 1392 1122 1434; x_wconf 87' lang='lat' dir='ltr'>pontificum</span> <span class='ocrx_word' id='word_1_199' title='bbox 1148 1392 1337 1433; x_wconf 83' lang='lat' dir='ltr'>enulgauit</span> <span class='ocrx_word' id='word_1_200' title='bbox 1363 1391 1550 1431; x_wconf 76' lang='lat' dir='ltr'>fastosque</span> <span class='ocrx_word' id='word_1_201' title='bbox 1570 1391 1666 1421; x_wconf 82' lang='lat' dir='ltr'>circa</span> 
     </span>
     <span class='ocr_line' id='line_1_24' title="bbox 148 1435 1665 1480; baseline -0.004 -9"><span class='ocrx_word' id='word_1_202' title='bbox 148 1441 262 1471; x_wconf 85' lang='lat' dir='ltr'>forum</span> <span class='ocrx_word' id='word_1_203' title='bbox 293 1440 330 1470; x_wconf 91' lang='lat' dir='ltr'>in</span> <span class='ocrx_word' id='word_1_204' title='bbox 363 1439 445 1470; x_wconf 80' lang='lat' dir='ltr'>albo</span> <span class='ocrx_word' id='word_1_205' title='bbox 483 1440 689 1480; x_wconf 83' lang='lat' dir='ltr'>proposuit,</span> <span class='ocrx_word' id='word_1_206' title='bbox 720 1443 760 1470; x_wconf 89' lang='lat' dir='ltr'>ut</span> <span class='ocrx_word' id='word_1_207' title='bbox 793 1438 937 1480; x_wconf 84' lang='lat' dir='ltr'>quando</span> <span class='ocrx_word' id='word_1_208' title='bbox 973 1438 1057 1479; x_wconf 83' lang='lat' dir='ltr'>lege</span> <span class='ocrx_word' id='word_1_209' title='bbox 1090 1438 1151 1478; x_wconf 81' lang='lat' dir='ltr'>agi</span> <span class='ocrx_word' id='word_1_210' title='bbox 1181 1440 1306 1478; x_wconf 87' lang='lat' dir='ltr'>posset</span> <span class='ocrx_word' id='word_1_211' title='bbox 1332 1437 1502 1475; x_wconf 85' lang='lat' dir='ltr'>sciretur;</span> <span class='ocrx_word' id='word_1_212' title='bbox 1540 1435 1665 1466; x_wconf 85' lang='lat' dir='ltr'>aedem</span> 
     </span>
     <span class='ocr_line' id='line_1_25' title="bbox 148 1481 1665 1518; baseline -0.004 -2"><span class='ocrx_word' id='word_1_213' title='bbox 148 1484 375 1516; x_wconf 82' lang='lat' dir='ltr'>Concordiae</span> <span class='ocrx_word' id='word_1_214' title='bbox 401 1485 436 1515; x_wconf 90' lang='lat' dir='ltr'>in</span> <span class='ocrx_word' id='word_1_215' title='bbox 464 1494 552 1515; x_wconf 85' lang='lat' dir='ltr'>area</span> <span class='ocrx_word' id='word_1_216' title='bbox 569 1483 725 1515; x_wconf 82' lang='lat' dir='ltr'>Vulcani</span> <span class='ocrx_word' id='word_1_217' title='bbox 751 1494 886 1515; x_wconf 87' lang='lat' dir='ltr'>summa</span> <span class='ocrx_word' id='word_1_218' title='bbox 911 1483 1052 1514; x_wconf 88' lang='lat' dir='ltr'>inuidia</span> <span class='ocrx_word' id='word_1_219' title='bbox 1070 1482 1245 1513; x_wconf 87' lang='lat' dir='ltr'>nobilium</span> <span class='ocrx_word' id='word_1_220' title='bbox 1271 1481 1472 1518; x_wconf 76' lang='lat' dir='ltr'>dedicauit3</span> <span class='ocrx_word' id='word_1_221' title='bbox 1500 1484 1665 1511; x_wconf 80' lang='lat' dir='ltr'>coactus-</span> 
     </span>
     <span class='ocr_line' id='line_1_26' title="bbox 149 1525 1664 1571; baseline -0.004 -10"><span class='ocrx_word' id='word_1_222' title='bbox 149 1540 217 1571; x_wconf 90' lang='lat' dir='ltr'>que</span> <span class='ocrx_word' id='word_1_223' title='bbox 238 1539 416 1561; x_wconf 87' lang='lat' dir='ltr'>consensu</span> <span class='ocrx_word' id='word_1_224' title='bbox 433 1529 558 1570; x_wconf 89' lang='lat' dir='ltr'>populi</span> <span class='ocrx_word' id='word_1_225' title='bbox 577 1528 766 1560; x_wconf 87' lang='lat' dir='ltr'>Cornelius</span> <span class='ocrx_word' id='word_1_226' title='bbox 784 1529 967 1559; x_wconf 83' lang='lat' dir='ltr'>Barbatus</span> <span class='ocrx_word' id='word_1_227' title='bbox 994 1528 1158 1569; x_wconf 84' lang='lat' dir='ltr'>pontifex</span> <span class='ocrx_word' id='word_1_228' title='bbox 1176 1527 1353 1557; x_wconf 87' lang='lat' dir='ltr'>maximus</span> <span class='ocrx_word' id='word_1_229' title='bbox 1379 1526 1493 1556; x_wconf 85' lang='lat' dir='ltr'>uerba</span> <span class='ocrx_word' id='word_1_230' title='bbox 1513 1525 1664 1566; x_wconf 83' lang='lat' dir='ltr'>praeire,</span> 
     </span>
     <span class='ocr_line' id='line_1_27' title="bbox 149 1572 1665 1616; baseline -0.004 -10"><span class='ocrx_word' id='word_1_231' title='bbox 149 1585 230 1606; x_wconf 84' lang='lat' dir='ltr'>cum</span> <span class='ocrx_word' id='word_1_232' title='bbox 255 1585 350 1606; x_wconf 87' lang='lat' dir='ltr'>more</span> <span class='ocrx_word' id='word_1_233' title='bbox 378 1575 550 1606; x_wconf 87' lang='lat' dir='ltr'>maiorum</span> <span class='ocrx_word' id='word_1_234' title='bbox 576 1577 740 1616; x_wconf 85' lang='lat' dir='ltr'>negaret,</span> <span class='ocrx_word' id='word_1_235' title='bbox 769 1574 840 1605; x_wconf 88' lang='lat' dir='ltr'>nisi</span> <span class='ocrx_word' id='word_1_236' title='bbox 866 1574 1051 1605; x_wconf 86' lang='lat' dir='ltr'>consulem</span> <span class='ocrx_word' id='word_1_237' title='bbox 1078 1576 1140 1603; x_wconf 87' lang='lat' dir='ltr'>aut</span> <span class='ocrx_word' id='word_1_238' title='bbox 1164 1572 1420 1613; x_wconf 84' lang='lat' dir='ltr'>imperatorem</span> <span class='ocrx_word' id='word_1_239' title='bbox 1445 1580 1549 1611; x_wconf 87' lang='lat' dir='ltr'>posse</span> <span class='ocrx_word' id='word_1_240' title='bbox 1576 1573 1665 1601; x_wconf 89' lang='lat' dir='ltr'>tem-</span> 
     </span>
     <span class='ocr_line' id='line_1_28' title="bbox 150 1615 1666 1662; baseline -0.004 -11"><span class='ocrx_word' id='word_1_241' title='bbox 150 1620 247 1662; x_wconf 87' lang='lat' dir='ltr'>plum</span> <span class='ocrx_word' id='word_1_242' title='bbox 279 1619 462 1654; x_wconf 71' lang='lat' dir='ltr'>dedicare.</span> <span class='ocrx_word' id='word_1_243' title='bbox 510 1619 638 1660; x_wconf 87' lang='lat' dir='ltr'>itaque</span> <span class='ocrx_word' id='word_1_244' title='bbox 670 1629 714 1650; x_wconf 78' lang='lat' dir='ltr'>ex</span> <span class='ocrx_word' id='word_1_245' title='bbox 746 1619 967 1650; x_wconf 83' lang='lat' dir='ltr'>auctoritate</span> <span class='ocrx_word' id='word_1_246' title='bbox 1000 1622 1151 1649; x_wconf 79' lang='lat' dir='ltr'>senatus</span> <span class='ocrx_word' id='word_1_247' title='bbox 1181 1617 1294 1648; x_wconf 88' lang='lat' dir='ltr'>latum</span> <span class='ocrx_word' id='word_1_248' title='bbox 1328 1616 1374 1646; x_wconf 88' lang='lat' dir='ltr'>ad</span> <span class='ocrx_word' id='word_1_249' title='bbox 1406 1615 1573 1657; x_wconf 89' lang='lat' dir='ltr'>populum</span> <span class='ocrx_word' id='word_1_250' title='bbox 1599 1618 1666 1652; x_wconf 84' lang='lat' dir='ltr'>est,</span> 
     </span>
     <span class='ocr_line' id='line_1_29' title="bbox 149 1659 1667 1706; baseline -0.004 -10"><span class='ocrx_word' id='word_1_251' title='bbox 149 1675 194 1696; x_wconf 89' lang='lat' dir='ltr'>ne</span> <span class='ocrx_word' id='word_1_252' title='bbox 221 1665 300 1706; x_wconf 90' lang='lat' dir='ltr'>quis</span> <span class='ocrx_word' id='word_1_253' title='bbox 333 1664 506 1706; x_wconf 88' lang='lat' dir='ltr'>templum</span> <span class='ocrx_word' id='word_1_254' title='bbox 532 1674 677 1696; x_wconf 80' lang='lat' dir='ltr'>aramue</span> <span class='ocrx_word' id='word_1_255' title='bbox 709 1664 850 1695; x_wconf 88' lang='lat' dir='ltr'>iniussu</span> <span class='ocrx_word' id='word_1_256' title='bbox 877 1668 1024 1695; x_wconf 82' lang='lat' dir='ltr'>senatus</span> <span class='ocrx_word' id='word_1_257' title='bbox 1055 1666 1118 1694; x_wconf 83' lang='lat' dir='ltr'>aut</span> <span class='ocrx_word' id='word_1_258' title='bbox 1147 1662 1370 1693; x_wconf 88' lang='lat' dir='ltr'>tribunorum</span> <span class='ocrx_word' id='word_1_259' title='bbox 1401 1660 1520 1702; x_wconf 86' lang='lat' dir='ltr'>plebei</span> <span class='ocrx_word' id='word_1_260' title='bbox 1553 1659 1667 1701; x_wconf 74' lang='lat' dir='ltr'>partis</span> 
     </span>
     <span class='ocr_line' id='line_1_30' title="bbox 149 1705 1668 1748; baseline -0.004 -8"><span class='ocrx_word' id='word_1_261' title='bbox 149 1710 295 1741; x_wconf 81' lang='lat' dir='ltr'>maioris</span> <span class='ocrx_word' id='word_1_262' title='bbox 320 1709 518 1741; x_wconf 85' lang='lat' dir='ltr'>dedicaret.</span> <span class='ocrx_word' id='word_1_263' title='bbox 565 1709 661 1740; x_wconf 84' lang='lat' dir='ltr'>haud</span> <span class='ocrx_word' id='word_1_264' title='bbox 688 1709 958 1739; x_wconf 69' lang='lat' dir='ltr'>memorabilem</span> <span class='ocrx_word' id='word_1_265' title='bbox 985 1718 1057 1739; x_wconf 89' lang='lat' dir='ltr'>rem</span> <span class='ocrx_word' id='word_1_266' title='bbox 1084 1718 1144 1748; x_wconf 91' lang='lat' dir='ltr'>per</span> <span class='ocrx_word' id='word_1_267' title='bbox 1171 1717 1221 1746; x_wconf 89' lang='lat' dir='ltr'>se,</span> <span class='ocrx_word' id='word_1_268' title='bbox 1247 1707 1318 1737; x_wconf 88' lang='lat' dir='ltr'>nisi</span> <span class='ocrx_word' id='word_1_269' title='bbox 1342 1706 1594 1737; x_wconf 87' lang='lat' dir='ltr'>documentum</span> <span class='ocrx_word' id='word_1_270' title='bbox 1621 1705 1668 1735; x_wconf 85' lang='lat' dir='ltr'>sit</span> 
     </span>
     <span class='ocr_line' id='line_1_31' title="bbox 150 1750 1667 1795; baseline -0.003 -10"><span class='ocrx_word' id='word_1_271' title='bbox 150 1755 325 1786; x_wconf 85' lang='lat' dir='ltr'>aduersus</span> <span class='ocrx_word' id='word_1_272' title='bbox 345 1755 551 1795; x_wconf 86' lang='lat' dir='ltr'>snperbiam</span> <span class='ocrx_word' id='word_1_273' title='bbox 571 1753 745 1786; x_wconf 84' lang='lat' dir='ltr'>nobilium</span> <span class='ocrx_word' id='word_1_274' title='bbox 764 1754 929 1795; x_wconf 80' lang='lat' dir='ltr'>plebeiae</span> <span class='ocrx_word' id='word_1_275' title='bbox 948 1753 1141 1793; x_wconf 71' lang='lat' dir='ltr'>libertatis,</span> <span class='ocrx_word' id='word_1_276' title='bbox 1167 1752 1333 1783; x_wconf 87' lang='lat' dir='ltr'>referam.</span> <span class='ocrx_word' id='word_1_277' title='bbox 1369 1751 1421 1782; x_wconf 87' lang='lat' dir='ltr'>ad</span> <span class='ocrx_word' id='word_1_278' title='bbox 1447 1750 1667 1791; x_wconf 63' lang='lat' dir='ltr'>collegam</span> 
     </span>
     <span class='ocr_line' id='line_1_32' title="bbox 150 1797 1668 1841; baseline -0.004 -10"><span class='ocrx_word' id='word_1_279' title='bbox 150 1810 332 1841; x_wconf 81' lang='lat' dir='ltr'>aegrum</span> <span class='ocrx_word' id='word_1_280' title='bbox 357 1799 535 1831; x_wconf 88' lang='lat' dir='ltr'>uisendi</span> <span class='ocrx_word' id='word_1_281' title='bbox 561 1809 697 1831; x_wconf 85' lang='lat' dir='ltr'>causa</span> <span class='ocrx_word' id='word_1_282' title='bbox 722 1798 874 1830; x_wconf 86' lang='lat' dir='ltr'>Flauius</span> <span class='ocrx_word' id='word_1_283' title='bbox 894 1809 972 1829; x_wconf 83' lang='lat' dir='ltr'>cum</span> <span class='ocrx_word' id='word_1_284' title='bbox 999 1797 1226 1836; x_wconf 83' lang='lat' dir='ltr'>uenisset,</span> <span class='ocrx_word' id='word_1_285' title='bbox 1255 1805 1568 1836; x_wconf 80' lang='lat' dir='ltr'>consensuque</span> <span class='ocrx_word' id='word_1_286' title='bbox 1594 1805 1668 1825; x_wconf 89' lang='lat' dir='ltr'>no—</span> 
     </span>
     <span class='ocr_line' id='line_1_33' title="bbox 152 1840 1669 1885; baseline -0.003 -10"><span class='ocrx_word' id='word_1_287' title='bbox 152 1844 306 1876; x_wconf 87' lang='lat' dir='ltr'>bilium</span> <span class='ocrx_word' id='word_1_288' title='bbox 338 1844 718 1883; x_wconf 82' lang='lat' dir='ltr'>adulescentium,</span> <span class='ocrx_word' id='word_1_289' title='bbox 758 1844 831 1885; x_wconf 86' lang='lat' dir='ltr'>qui</span> <span class='ocrx_word' id='word_1_290' title='bbox 864 1844 927 1875; x_wconf 89' lang='lat' dir='ltr'>ibi</span> <span class='ocrx_word' id='word_1_291' title='bbox 959 1842 1258 1881; x_wconf 86' lang='lat' dir='ltr'>adsidebant,</span> <span class='ocrx_word' id='word_1_292' title='bbox 1293 1841 1604 1872; x_wconf 86' lang='lat' dir='ltr'>adsurrectum</span> <span class='ocrx_word' id='word_1_293' title='bbox 1637 1840 1669 1870; x_wconf 77' lang='lat' dir='ltr'>ci</span> 
     </span>
     <span class='ocr_line' id='line_1_34' title="bbox 152 1885 1669 1929; baseline -0.004 -8"><span class='ocrx_word' id='word_1_294' title='bbox 152 1900 223 1921; x_wconf 89' lang='lat' dir='ltr'>non</span> <span class='ocrx_word' id='word_1_295' title='bbox 248 1893 359 1929; x_wconf 88' lang='lat' dir='ltr'>esset,</span> <span class='ocrx_word' id='word_1_296' title='bbox 386 1889 582 1921; x_wconf 87' lang='lat' dir='ltr'>curulem</span> <span class='ocrx_word' id='word_1_297' title='bbox 615 1888 787 1920; x_wconf 80' lang='lat' dir='ltr'>adferri</span> <span class='ocrx_word' id='word_1_298' title='bbox 820 1888 973 1920; x_wconf 86' lang='lat' dir='ltr'>sellam</span> <span class='ocrx_word' id='word_1_299' title='bbox 1001 1898 1042 1919; x_wconf 89' lang='lat' dir='ltr'>eo</span> <span class='ocrx_word' id='word_1_300' title='bbox 1072 1887 1226 1927; x_wconf 82' lang='lat' dir='ltr'>iussit,</span> <span class='ocrx_word' id='word_1_301' title='bbox 1260 1897 1303 1918; x_wconf 88' lang='lat' dir='ltr'>ac</span> <span class='ocrx_word' id='word_1_302' title='bbox 1329 1886 1412 1917; x_wconf 86' lang='lat' dir='ltr'>sede</span> <span class='ocrx_word' id='word_1_303' title='bbox 1440 1885 1588 1917; x_wconf 75' lang='lat' dir='ltr'>lionoris</span> <span class='ocrx_word' id='word_1_304' title='bbox 1616 1885 1669 1915; x_wconf 82' lang='lat' dir='ltr'>sui</span> 
     </span>
     <span class='ocr_line' id='line_1_35' title="bbox 153 1929 1669 1975; baseline -0.003 -11"><span class='ocrx_word' id='word_1_305' title='bbox 153 1935 281 1967; x_wconf 82' lang='lat' dir='ltr'>anxios</span> <span class='ocrx_word' id='word_1_306' title='bbox 311 1935 452 1965; x_wconf 84' lang='lat' dir='ltr'>inuidia</span> <span class='ocrx_word' id='word_1_307' title='bbox 483 1934 650 1965; x_wconf 88' lang='lat' dir='ltr'>inimicos</span> <span class='ocrx_word' id='word_1_308' title='bbox 682 1934 880 1975; x_wconf 85' lang='lat' dir='ltr'>spectauit.</span> <span class='ocrx_word' id='word_1_309' title='bbox 937 1936 1097 1964; x_wconf 86' lang='lat' dir='ltr'>ceterum</span> <span class='ocrx_word' id='word_1_310' title='bbox 1128 1932 1300 1963; x_wconf 87' lang='lat' dir='ltr'>Flauium</span> <span class='ocrx_word' id='word_1_311' title='bbox 1337 1931 1480 1962; x_wconf 82' lang='lat' dir='ltr'>dixerat</span> <span class='ocrx_word' id='word_1_312' title='bbox 1516 1929 1669 1961; x_wconf 84' lang='lat' dir='ltr'>aedilem</span> 
     </span>
     <span class='ocr_line' id='line_1_36' title="bbox 154 1975 1670 2021; baseline -0.004 -11"><span class='ocrx_word' id='word_1_313' title='bbox 154 1980 307 2012; x_wconf 80' lang='lat' dir='ltr'>sorensis</span> <span class='ocrx_word' id='word_1_314' title='bbox 341 1980 474 2016; x_wconf 82' lang='lat' dir='ltr'>factio,</span> <span class='ocrx_word' id='word_1_315' title='bbox 506 1981 574 2021; x_wconf 89' lang='lat' dir='ltr'>Ap.</span> <span class='ocrx_word' id='word_1_316' title='bbox 603 1978 746 2010; x_wconf 84' lang='lat' dir='ltr'>Claudii</span> <span class='ocrx_word' id='word_1_317' title='bbox 778 1988 931 2010; x_wconf 82' lang='lat' dir='ltr'>censura</span> <span class='ocrx_word' id='word_1_318' title='bbox 962 1979 1059 2009; x_wconf 88' lang='lat' dir='ltr'>uires</span> <span class='ocrx_word' id='word_1_319' title='bbox 1091 1981 1216 2016; x_wconf 87' lang='lat' dir='ltr'>nacta,</span> <span class='ocrx_word' id='word_1_320' title='bbox 1254 1977 1315 2018; x_wconf 90' lang='lat' dir='ltr'>qui</span> <span class='ocrx_word' id='word_1_321' title='bbox 1341 1979 1507 2007; x_wconf 84' lang='lat' dir='ltr'>senatum</span> <span class='ocrx_word' id='word_1_322' title='bbox 1534 1975 1670 2016; x_wconf 81' lang='lat' dir='ltr'>primus</span> 
     </span>
     <span class='ocr_line' id='line_1_37' title="bbox 153 2019 1669 2064; baseline -0.005 -8"><span class='ocrx_word' id='word_1_323' title='bbox 153 2025 400 2056; x_wconf 85' lang='lat' dir='ltr'>libertinorum</span> <span class='ocrx_word' id='word_1_324' title='bbox 436 2024 521 2055; x_wconf 87' lang='lat' dir='ltr'>filiis</span> <span class='ocrx_word' id='word_1_325' title='bbox 558 2024 664 2055; x_wconf 86' lang='lat' dir='ltr'>lectis</span> <span class='ocrx_word' id='word_1_326' title='bbox 698 2024 959 2064; x_wconf 85' lang='lat' dir='ltr'>inquinauerat</span> <span class='ocrx_word' id='word_1_327' title='bbox 997 2025 1051 2063; x_wconf 86' lang='lat' dir='ltr'>et,</span> <span class='ocrx_word' id='word_1_328' title='bbox 1088 2026 1326 2064; x_wconf 85' lang='lat' dir='ltr'>posteaquam</span> <span class='ocrx_word' id='word_1_329' title='bbox 1362 2031 1440 2052; x_wconf 86' lang='lat' dir='ltr'>eam</span> <span class='ocrx_word' id='word_1_330' title='bbox 1478 2019 1669 2051; x_wconf 82' lang='lat' dir='ltr'>lectionem</span> 
     </span>
     <span class='ocr_line' id='line_1_38' title="bbox 153 2066 1664 2110; baseline -0.004 -10"><span class='ocrx_word' id='word_1_331' title='bbox 153 2080 257 2102; x_wconf 86' lang='lat' dir='ltr'>nemo</span> <span class='ocrx_word' id='word_1_332' title='bbox 282 2073 400 2101; x_wconf 87' lang='lat' dir='ltr'>ratam</span> <span class='ocrx_word' id='word_1_333' title='bbox 432 2070 579 2105; x_wconf 80' lang='lat' dir='ltr'>habuit,</span> <span class='ocrx_word' id='word_1_334' title='bbox 612 2080 679 2100; x_wconf 87' lang='lat' dir='ltr'>nec</span> <span class='ocrx_word' id='word_1_335' title='bbox 704 2070 741 2100; x_wconf 89' lang='lat' dir='ltr'>in</span> <span class='ocrx_word' id='word_1_336' title='bbox 768 2071 869 2100; x_wconf 88' lang='lat' dir='ltr'>curia</span> <span class='ocrx_word' id='word_1_337' title='bbox 895 2068 1051 2110; x_wconf 81' lang='lat' dir='ltr'>adeptus</span> <span class='ocrx_word' id='word_1_338' title='bbox 1077 2070 1171 2107; x_wconf 85' lang='lat' dir='ltr'>erat,</span> <span class='ocrx_word' id='word_1_339' title='bbox 1205 2077 1295 2109; x_wconf 84' lang='lat' dir='ltr'>quas</span> <span class='ocrx_word' id='word_1_340' title='bbox 1322 2066 1479 2107; x_wconf 89' lang='lat' dir='ltr'>petierat</span> <span class='ocrx_word' id='word_1_341' title='bbox 1505 2074 1591 2106; x_wconf 88' lang='lat' dir='ltr'>opes</span> <span class='ocrx_word' id='word_1_342' title='bbox 1617 2074 1664 2094; x_wconf 88' lang='lat' dir='ltr'>ur-</span> 
     </span>
     <span class='ocr_line' id='line_1_39' title="bbox 154 2110 1670 2155; baseline -0.005 -9"><span class='ocrx_word' id='word_1_343' title='bbox 154 2115 286 2154; x_wconf 85' lang='lat' dir='ltr'>banas,</span> <span class='ocrx_word' id='word_1_344' title='bbox 320 2115 517 2146; x_wconf 85' lang='lat' dir='ltr'>humilibus</span> <span class='ocrx_word' id='word_1_345' title='bbox 550 2124 614 2155; x_wconf 84' lang='lat' dir='ltr'>per</span> <span class='ocrx_word' id='word_1_346' title='bbox 646 2124 769 2146; x_wconf 86' lang='lat' dir='ltr'>omnes</span> <span class='ocrx_word' id='word_1_347' title='bbox 801 2114 917 2145; x_wconf 89' lang='lat' dir='ltr'>tribus</span> <span class='ocrx_word' id='word_1_348' title='bbox 942 2114 1073 2144; x_wconf 88' lang='lat' dir='ltr'>diuisis</span> <span class='ocrx_word' id='word_1_349' title='bbox 1105 2113 1220 2144; x_wconf 85' lang='lat' dir='ltr'>forum</span> <span class='ocrx_word' id='word_1_350' title='bbox 1247 2115 1281 2142; x_wconf 91' lang='lat' dir='ltr'>et</span> <span class='ocrx_word' id='word_1_351' title='bbox 1309 2121 1471 2151; x_wconf 85' lang='lat' dir='ltr'>campum</span> <span class='ocrx_word' id='word_1_352' title='bbox 1500 2110 1670 2149; x_wconf 78' lang='lat' dir='ltr'>corrupit,</span> 
     </span>
     <span class='ocr_line' id='line_1_40' title="bbox 154 2154 1673 2200; baseline -0.005 -9"><span class='ocrx_word' id='word_1_353' title='bbox 154 2163 366 2200; x_wconf 85' lang='lat' dir='ltr'>tantumque</span> <span class='ocrx_word' id='word_1_354' title='bbox 392 2160 514 2191; x_wconf 81' lang='lat' dir='ltr'>Flauii</span> <span class='ocrx_word' id='word_1_355' title='bbox 546 2159 692 2191; x_wconf 82' lang='lat' dir='ltr'>comitia</span> <span class='ocrx_word' id='word_1_356' title='bbox 725 2158 956 2200; x_wconf 82' lang='lat' dir='ltr'>indignitatis</span> <span class='ocrx_word' id='word_1_357' title='bbox 987 2158 1211 2198; x_wconf 81' lang='lat' dir='ltr'>habuerunt,</span> <span class='ocrx_word' id='word_1_358' title='bbox 1243 2160 1282 2187; x_wconf 84' lang='lat' dir='ltr'>ut</span> <span class='ocrx_word' id='word_1_359' title='bbox 1314 2155 1518 2197; x_wconf 81' lang='lat' dir='ltr'>plerique</span> <span class='ocrx_word' id='word_1_360' title='bbox 1546 2154 1673 2184; x_wconf 84' lang='lat' dir='ltr'>nobi-</span> 
     </span>
     <span class='ocr_line' id='line_1_41' title="bbox 158 2199 1671 2245; baseline -0.005 -9"><span class='ocrx_word' id='word_1_361' title='bbox 158 2205 262 2236; x_wconf 88' lang='lat' dir='ltr'>lium</span> <span class='ocrx_word' id='word_1_362' title='bbox 288 2204 448 2236; x_wconf 89' lang='lat' dir='ltr'>anulos</span> <span class='ocrx_word' id='word_1_363' title='bbox 475 2214 634 2236; x_wconf 83' lang='lat' dir='ltr'>aureos</span> <span class='ocrx_word' id='word_1_364' title='bbox 661 2208 703 2235; x_wconf 87' lang='lat' dir='ltr'>et</span> <span class='ocrx_word' id='word_1_365' title='bbox 726 2204 941 2245; x_wconf 81' lang='lat' dir='ltr'>phaleras</span> <span class='ocrx_word' id='word_1_366' title='bbox 973 2203 1264 2244; x_wconf 83' lang='lat' dir='ltr'>deponerent.</span> <span class='ocrx_word' id='word_1_367' title='bbox 1314 2211 1357 2232; x_wconf 80' lang='lat' dir='ltr'>ex</span> <span class='ocrx_word' id='word_1_368' title='bbox 1385 2210 1425 2230; x_wconf 88' lang='lat' dir='ltr'>co</span> <span class='ocrx_word' id='word_1_369' title='bbox 1452 2204 1610 2240; x_wconf 84' lang='lat' dir='ltr'>tempore</span> <span class='ocrx_word' id='word_1_370' title='bbox 1637 2199 1671 2228; x_wconf 86' lang='lat' dir='ltr'>in</span> 
     </span>
     <span class='ocr_line' id='line_1_42' title="bbox 157 2244 1672 2291; baseline -0.004 -12"><span class='ocrx_word' id='word_1_371' title='bbox 157 2249 247 2281; x_wconf 84' lang='lat' dir='ltr'>duas</span> <span class='ocrx_word' id='word_1_372' title='bbox 272 2253 393 2291; x_wconf 85' lang='lat' dir='ltr'>partes</span> <span class='ocrx_word' id='word_1_373' title='bbox 418 2249 589 2281; x_wconf 87' lang='lat' dir='ltr'>discessit</span> <span class='ocrx_word' id='word_1_374' title='bbox 614 2249 763 2280; x_wconf 88' lang='lat' dir='ltr'>ciuitas:</span> <span class='ocrx_word' id='word_1_375' title='bbox 789 2249 887 2280; x_wconf 85' lang='lat' dir='ltr'>aliud</span> <span class='ocrx_word' id='word_1_376' title='bbox 914 2249 1057 2289; x_wconf 82' lang='lat' dir='ltr'>integer</span> <span class='ocrx_word' id='word_1_377' title='bbox 1082 2246 1236 2289; x_wconf 89' lang='lat' dir='ltr'>populus</span> <span class='ocrx_word' id='word_1_378' title='bbox 1263 2246 1384 2276; x_wconf 78' lang='lat' dir='ltr'>fautor</span> <span class='ocrx_word' id='word_1_379' title='bbox 1410 2248 1444 2276; x_wconf 88' lang='lat' dir='ltr'>et</span> <span class='ocrx_word' id='word_1_380' title='bbox 1471 2244 1587 2275; x_wconf 68' lang='lat' dir='ltr'>cultor</span> <span class='ocrx_word' id='word_1_381' title='bbox 1612 2244 1672 2274; x_wconf 83' lang='lat' dir='ltr'>bo-</span> 
     </span>
     <span class='ocr_line' id='line_1_43' title="bbox 157 2289 1672 2335; baseline -0.005 -9"><span class='ocrx_word' id='word_1_382' title='bbox 157 2305 292 2335; x_wconf 89' lang='lat' dir='ltr'>norum,</span> <span class='ocrx_word' id='word_1_383' title='bbox 319 2294 419 2325; x_wconf 86' lang='lat' dir='ltr'>aliud</span> <span class='ocrx_word' id='word_1_384' title='bbox 446 2295 602 2326; x_wconf 88' lang='lat' dir='ltr'>forensis</span> <span class='ocrx_word' id='word_1_385' title='bbox 627 2294 739 2325; x_wconf 79' lang='lat' dir='ltr'>factio</span> <span class='ocrx_word' id='word_1_386' title='bbox 765 2295 929 2333; x_wconf 87' lang='lat' dir='ltr'>tenebat,</span> <span class='ocrx_word' id='word_1_387' title='bbox 956 2293 1071 2323; x_wconf 85' lang='lat' dir='ltr'>donec</span> <span class='ocrx_word' id='word_1_388' title='bbox 1092 2293 1132 2332; x_wconf 80' lang='lat' dir='ltr'>Q.</span> <span class='ocrx_word' id='word_1_389' title='bbox 1152 2292 1289 2323; x_wconf 86' lang='lat' dir='ltr'>Fabius</span> <span class='ocrx_word' id='word_1_390' title='bbox 1316 2293 1351 2321; x_wconf 90' lang='lat' dir='ltr'>et</span> <span class='ocrx_word' id='word_1_391' title='bbox 1369 2290 1407 2320; x_wconf 83' lang='lat' dir='ltr'>P.</span> <span class='ocrx_word' id='word_1_392' title='bbox 1427 2289 1563 2320; x_wconf 87' lang='lat' dir='ltr'>Decius</span> <span class='ocrx_word' id='word_1_393' title='bbox 1590 2298 1672 2319; x_wconf 73' lang='lat' dir='ltr'>con-</span> 
     </span>
     <span class='ocr_line' id='line_1_44' title="bbox 158 2334 1670 2377; baseline -0.006 -6"><span class='ocrx_word' id='word_1_394' title='bbox 158 2350 260 2372; x_wconf 89' lang='lat' dir='ltr'>sores</span> <span class='ocrx_word' id='word_1_395' title='bbox 286 2340 400 2377; x_wconf 75' lang='lat' dir='ltr'>facti,</span> <span class='ocrx_word' id='word_1_396' title='bbox 431 2344 466 2370; x_wconf 90' lang='lat' dir='ltr'>et</span> <span class='ocrx_word' id='word_1_397' title='bbox 490 2340 629 2370; x_wconf 87' lang='lat' dir='ltr'>Fabius</span> <span class='ocrx_word' id='word_1_398' title='bbox 655 2338 760 2370; x_wconf 81' lang='lat' dir='ltr'>simul</span> <span class='ocrx_word' id='word_1_399' title='bbox 792 2339 1007 2370; x_wconf 84' lang='lat' dir='ltr'>concordiae</span> <span class='ocrx_word' id='word_1_400' title='bbox 1033 2348 1165 2376; x_wconf 85' lang='lat' dir='ltr'>causa,</span> <span class='ocrx_word' id='word_1_401' title='bbox 1192 2335 1297 2367; x_wconf 87' lang='lat' dir='ltr'>simul</span> <span class='ocrx_word' id='word_1_402' title='bbox 1323 2345 1367 2366; x_wconf 91' lang='lat' dir='ltr'>ne</span> <span class='ocrx_word' id='word_1_403' title='bbox 1393 2334 1670 2365; x_wconf 84' lang='lat' dir='ltr'>lunnillimornm</span> 
     </span>
     <span class='ocr_line' id='line_1_45' title="bbox 159 2380 1671 2424; baseline -0.005 -8"><span class='ocrx_word' id='word_1_404' title='bbox 159 2388 194 2416; x_wconf 88' lang='lat' dir='ltr'>in</span> <span class='ocrx_word' id='word_1_405' title='bbox 220 2395 327 2417; x_wconf 81' lang='lat' dir='ltr'>manu</span> <span class='ocrx_word' id='word_1_406' title='bbox 353 2384 503 2416; x_wconf 86' lang='lat' dir='ltr'>comitia</span> <span class='ocrx_word' id='word_1_407' title='bbox 530 2386 661 2424; x_wconf 86' lang='lat' dir='ltr'>essent,</span> <span class='ocrx_word' id='word_1_408' title='bbox 689 2394 828 2415; x_wconf 88' lang='lat' dir='ltr'>omnem</span> <span class='ocrx_word' id='word_1_409' title='bbox 855 2384 1035 2414; x_wconf 81' lang='lat' dir='ltr'>forensem</span> <span class='ocrx_word' id='word_1_410' title='bbox 1061 2383 1201 2413; x_wconf 80' lang='lat' dir='ltr'>turbam</span> <span class='ocrx_word' id='word_1_411' title='bbox 1229 2384 1412 2412; x_wconf 84' lang='lat' dir='ltr'>excretam</span> <span class='ocrx_word' id='word_1_412' title='bbox 1439 2380 1475 2409; x_wconf 88' lang='lat' dir='ltr'>in</span> <span class='ocrx_word' id='word_1_413' title='bbox 1502 2381 1671 2420; x_wconf 85' lang='lat' dir='ltr'>quattuor</span> 
     </span>
    </p>
   </div>
   <div class='ocr_carea' id='block_1_6' title="bbox 161 2540 1676 2931">
    <p class='ocr_par' dir='ltr' id='par_1_6' title="bbox 161 2540 1676 2705">
     <span class='ocr_line' id='line_1_46' title="bbox 284 2540 1672 2594; baseline -0.006 -13"><span class='ocrx_word' id='word_1_414' title='bbox 284 2547 318 2581; x_wconf 90' lang='lat'>1.</span> <span class='ocrx_word' id='word_1_415' title='bbox 359 2541 465 2594; x_wconf 82' lang='lat' dir='ltr'>Anni]</span> <span class='ocrx_word' id='word_1_416' title='bbox 505 2547 560 2580; x_wconf 78' lang='lat' dir='ltr'>sic</span> <span class='ocrx_word' id='word_1_417' title='bbox 597 2555 748 2591; x_wconf 78' lang='lat' dir='ltr'>semper</span> <span class='ocrx_word' id='word_1_418' title='bbox 789 2545 829 2580; x_wconf 78' lang='lat' dir='ltr'>V.</span> <span class='ocrx_word' id='word_1_419' title='bbox 899 2545 1015 2579; x_wconf 88' lang='lat' dir='ltr'>Ancus</span> <span class='ocrx_word' id='word_1_420' title='bbox 1048 2548 1165 2589; x_wconf 74' lang='lat' dir='ltr'>paler</span> <span class='ocrx_word' id='word_1_421' title='bbox 1212 2543 1430 2577; x_wconf 74' lang='lat' dir='ltr'>nominatur</span> <span class='ocrx_word' id='word_1_422' title='bbox 1476 2552 1498 2574; x_wconf 83' lang='grc' dir='ltr'><em>α</em></span> <span class='ocrx_word' id='word_1_423' title='bbox 1536 2540 1672 2583; x_wconf 71' lang='lat' dir='ltr'>Plinio,</span> 
     </span>
     <span class='ocr_line' id='line_1_47' title="bbox 161 2596 1674 2641; baseline -0.006 -4"><span class='ocrx_word' id='word_1_424' title='bbox 161 2603 301 2638; x_wconf 77' lang='lat' dir='ltr'>Gnaeus</span> <span class='ocrx_word' id='word_1_425' title='bbox 333 2615 355 2637; x_wconf 84' lang='grc' dir='ltr'><em>α</em></span> <span class='ocrx_word' id='word_1_426' title='bbox 388 2602 506 2639; x_wconf 77' lang='lat' dir='ltr'>Liuio.</span> <span class='ocrx_word' id='word_1_427' title='bbox 568 2602 635 2636; x_wconf 74' lang='lat' dir='ltr'>secl</span> <span class='ocrx_word' id='word_1_428' title='bbox 671 2603 781 2636; x_wconf 71' lang='lat' dir='ltr'>etiam</span> <span class='ocrx_word' id='word_1_429' title='bbox 813 2601 946 2636; x_wconf 76' lang='lat' dir='ltr'>Cicero</span> <span class='ocrx_word' id='word_1_430' title='bbox 985 2602 1036 2635; x_wconf 77' lang='lat' dir='ltr'>ad</span> <span class='ocrx_word' id='word_1_431' title='bbox 1064 2601 1137 2635; x_wconf 75' lang='lat' dir='ltr'>Alc.</span> <span class='ocrx_word' id='word_1_432' title='bbox 1181 2599 1234 2633; x_wconf 76' lang='lat' dir='ltr'>VJ</span> <span class='ocrx_word' id='word_1_433' title='bbox 1266 2599 1303 2641; x_wconf 85' lang='lat'>1,</span> <span class='ocrx_word' id='word_1_434' title='bbox 1338 2598 1361 2631; x_wconf 69' lang='lat'><em>8</em></span> <span class='ocrx_word' id='word_1_435' title='bbox 1402 2596 1552 2630; x_wconf 82' lang='lat' dir='ltr'>Annium</span> <span class='ocrx_word' id='word_1_436' title='bbox 1592 2605 1674 2630; x_wconf 78' lang='lat' dir='ltr'>eum</span> 
     </span>
     <span class='ocr_line' id='line_1_48' title="bbox 161 2652 1676 2705; baseline -0.006 -10"><span class='ocrx_word' id='word_1_437' title='bbox 161 2661 268 2704; x_wconf 75' lang='lat' dir='ltr'>dixit,</span> <span class='ocrx_word' id='word_1_438' title='bbox 302 2670 414 2705; x_wconf 74' lang='lat' dir='ltr'>quam</span> <span class='ocrx_word' id='word_1_439' title='bbox 445 2659 524 2693; x_wconf 81' lang='lat' dir='ltr'>cod.</span> <span class='ocrx_word' id='word_1_440' title='bbox 553 2657 716 2692; x_wconf 79' lang='lat' dir='ltr'>Medicez&#39;</span> <span class='ocrx_word' id='word_1_441' title='bbox 745 2659 976 2703; x_wconf 74' lang='lat' dir='ltr'>scriplurmn</span> <span class='ocrx_word' id='word_1_442' title='bbox 1008 2666 1110 2692; x_wconf 77' lang='lat' dir='ltr'>mmo</span> <span class='ocrx_word' id='word_1_443' title='bbox 1140 2657 1176 2690; x_wconf 77' lang='lat' dir='ltr'>in</span> <span class='ocrx_word' id='word_1_444' title='bbox 1209 2659 1300 2689; x_wconf 60' lang='lat' dir='ltr'>text.</span> <span class='ocrx_word' id='word_1_445' title='bbox 1333 2654 1477 2697; x_wconf 75' lang='lat' dir='ltr'>recepit</span> <span class='ocrx_word' id='word_1_446' title='bbox 1508 2652 1676 2698; x_wconf 74' lang='lat' dir='ltr'>Kayser.</span> 
     </span>
    </p>

    <p class='ocr_par' dir='ltr' id='par_1_7' title="bbox 163 2709 1676 2873">
     <span class='ocr_line' id='line_1_49' title="bbox 246 2709 1619 2761; baseline -0.004 -11"><span class='ocrx_word' id='word_1_447' title='bbox 246 2715 282 2751; x_wconf 82' lang='lat'>3.</span> <span class='ocrx_word' id='word_1_448' title='bbox 314 2715 409 2749; x_wconf 88' lang='lat' dir='ltr'>huuc</span> <span class='ocrx_word' id='word_1_449' title='bbox 451 2714 481 2749; x_wconf 89' lang='lat' dir='ltr'><em>V</em></span> <span class='ocrx_word' id='word_1_450' title='bbox 648 2712 687 2748; x_wconf 85' lang='lat'>4.</span> <span class='ocrx_word' id='word_1_451' title='bbox 719 2710 800 2761; x_wconf 87' lang='lat' dir='ltr'>Cn.]</span> <span class='ocrx_word' id='word_1_452' title='bbox 834 2712 871 2748; x_wconf 90' lang='lat' dir='ltr'>C.</span> <span class='ocrx_word' id='word_1_453' title='bbox 903 2713 943 2747; x_wconf 91' lang='lat' dir='ltr'>N.</span> <span class='ocrx_word' id='word_1_454' title='bbox 986 2712 1016 2749; x_wconf 82' lang='lat' dir='ltr'><em>V</em></span> <span class='ocrx_word' id='word_1_455' title='bbox 1184 2710 1297 2744; x_wconf 81' lang='lat' dir='ltr'>ssauus</span> <span class='ocrx_word' id='word_1_456' title='bbox 1340 2709 1370 2744; x_wconf 80' lang='lat' dir='ltr'><em>V</em></span> <span class='ocrx_word' id='word_1_457' title='bbox 1398 2712 1485 2743; x_wconf 73' lang='lat' dir='ltr'>(mle</span> <span class='ocrx_word' id='word_1_458' title='bbox 1516 2718 1619 2744; x_wconf 76' lang='lat' dir='ltr'>corr.</span> 
     </span>
     <span class='ocr_line' id='line_1_50' title="bbox 163 2761 1675 2819; baseline -0.007 -12"><span class='ocrx_word' id='word_1_459' title='bbox 163 2767 281 2819; x_wconf 73' lang='lat' dir='ltr'>patre]</span> <span class='ocrx_word' id='word_1_460' title='bbox 315 2767 378 2817; x_wconf 63' lang='lat' dir='ltr'>pa?</span> <span class='ocrx_word' id='word_1_461' title='bbox 420 2769 451 2804; x_wconf 88' lang='lat' dir='ltr'><em>V</em></span> <span class='ocrx_word' id='word_1_462' title='bbox 597 2768 635 2805; x_wconf 88' lang='lat'>5.</span> <span class='ocrx_word' id='word_1_463' title='bbox 667 2768 768 2804; x_wconf 86' lang='lat' dir='ltr'>curili</span> <span class='ocrx_word' id='word_1_464' title='bbox 809 2769 842 2803; x_wconf 88' lang='lat' dir='ltr'><em>V</em></span> <span class='ocrx_word' id='word_1_465' title='bbox 997 2769 1031 2804; x_wconf 80' lang='lat' dir='ltr'>ss.</span> <span class='ocrx_word' id='word_1_466' title='bbox 1064 2778 1128 2814; x_wconf 86' lang='lat' dir='ltr'>pro</span> <span class='ocrx_word' id='word_1_467' title='bbox 1163 2761 1272 2813; x_wconf 73' lang='lat' dir='ltr'>tribu]</span> <span class='ocrx_word' id='word_1_468' title='bbox 1307 2767 1540 2809; x_wconf 74' lang='lat' dir='ltr'>scripturam</span> <span class='ocrx_word' id='word_1_469' title='bbox 1572 2764 1675 2799; x_wconf 77' lang='lat' dir='ltr'>codd.</span> 
     </span>
     <span class='ocr_line' id='line_1_51' title="bbox 164 2819 1676 2873; baseline -0.005 -10"><span class='ocrx_word' id='word_1_470' title='bbox 164 2841 186 2863; x_wconf 74' lang='grc' dir='ltr'>ιι</span> <span class='ocrx_word' id='word_1_471' title='bbox 219 2828 458 2873; x_wconf 74' lang='lat' dir='ltr'>quorundam</span> <span class='ocrx_word' id='word_1_472' title='bbox 490 2827 721 2861; x_wconf 68' lang='lat' dir='ltr'>conicetur-fs</span> <span class='ocrx_word' id='word_1_473' title='bbox 760 2825 928 2871; x_wconf 72' lang='lat' dir='ltr'>defendi(</span> <span class='ocrx_word' id='word_1_474' title='bbox 960 2825 1129 2867; x_wconf 56' lang='lat' dir='ltr'>Hedum,</span> <span class='ocrx_word' id='word_1_475' title='bbox 1168 2826 1258 2857; x_wconf 71' lang='lat' dir='ltr'>rafim.</span> <span class='ocrx_word' id='word_1_476' title='bbox 1305 2820 1475 2866; x_wconf 55' lang='lat' dir='ltr'>Persas&amp;</span> <span class='ocrx_word' id='word_1_477' title='bbox 1513 2820 1529 2854; x_wconf 95' lang='grc' dir='ltr'><em>Ῑ</em></span> <span class='ocrx_word' id='word_1_478' title='bbox 1557 2832 1594 2864; x_wconf 71' lang='lat' dir='ltr'>p.</span> <span class='ocrx_word' id='word_1_479' title='bbox 1626 2819 1676 2855; x_wconf 74' lang='lat'>‘25</span> 
     </span>
    </p>

    <p class='ocr_par' dir='ltr' id='par_1_8' title="bbox 277 2876 929 2931">
     <span class='ocr_line' id='line_1_52' title="bbox 277 2876 929 2931; baseline -0.005 -13"><span class='ocrx_word' id='word_1_480' title='bbox 277 2879 454 2931; x_wconf 85' lang='lat' dir='ltr'>curulem]</span> <span class='ocrx_word' id='word_1_481' title='bbox 488 2881 602 2917; x_wconf 87' lang='lat' dir='ltr'>culem</span> <span class='ocrx_word' id='word_1_482' title='bbox 647 2876 693 2915; x_wconf 68' lang='lat'>1⁷¹</span> <span class='ocrx_word' id='word_1_483' title='bbox 730 2892 832 2917; x_wconf 62' lang='lat' dir='ltr'>corr.</span> <span class='ocrx_word' id='word_1_484' title='bbox 878 2876 929 2915; x_wconf 67' lang='lat'>[⁷²</span> 
     </span>
    </p>
   </div>
   <div class='ocr_carea' id='block_1_7' title="bbox 1283 2939 1411 2972">
    <p class='ocr_par' dir='ltr' id='par_1_9' title="bbox 1283 2939 1411 2972">
     <span class='ocr_line' id='line_1_53' title="bbox 1283 2939 1411 2972; baseline 0 -2"><span class='ocrx_word' id='word_1_485' title='bbox 1283 2939 1411 2972; x_wconf 62' lang='lat' dir='ltr'>vuli*</span> 
     </span>
    </p>
   </div>
  </div>
 </body>
</html>
