1884 3213
519 204 719 237 VALERII
744 203 972 237 ANTIA'rls
1000 197 1223 236 ANNAL'ES
1560 198 1634 239 241

128 318 294 358 Αντιάν
318 315 548 370 ἱστοροῦσι
571 317 746 358 δώδεκα
767 316 849 370 μὲν
873 311 985 356 εἶναι
1006 316 1190 368 βίβλους
1214 310 1538 367 ίεροφαντικας,
1560 312 1640 353 δώ-

125 386 232 425 δεκα
254 384 302 424 δὲ
334 382 469 432 ἄλλας
484 382 744 438 Ἑλληνικάς
774 382 1054 437 φιλοσόφους
1085 380 1163 430 τοὶς
1194 383 1254 429 εἰς
1275 379 1355 435 τὴν
1377 378 1514 435 σορὸν
1537 391 1640 422 συν-

123 453 338 500 τεθείσας.
379 453 690 505 Τετρακοσίων
715 451 764 491 δέ
784 464 871 492 που
897 449 1229 504 διαγενομένων
1257 449 1369 491 ε’τῶν
1386 447 1547 490 ὕπατοι
1561 447 1643 502 μὲν

127 512 238 573 ἦσαν
250 519 451 567 Πόπλιος
467 516 717 573 Κορνήλιος
733 518 806 559 καὶ
817 518 1004 572 Μάρκος
1015 518 1211 571 Βαίβιος.
1244 515 1426 571 ὄμβρων
1446 515 1494 557 δὲ
1511 515 1641 569 μεγά-

91 605 106 630 5
126 589 217 627 λων
236 585 544 628 ἐπιπεσόντων
554 587 627 628 καὶ
644 586 843 640 χώματος
861 584 1206 640 περιρραγέντος
1216 584 1373 634 ἐξέωσε
1387 582 1464 633 τοὶς
1481 580 1643 638 σοροὺς

121 649 171 695 τὸ
201 654 362 709 ῥεῦμα·
398 653 470 695 καὶ
514 656 604 695 τῶν
648 654 940 707 ἐπιθημάτων
986 650 1307 693 οἷποπεσόντων
1344 649 1369 705 ἡ
1405 651 1487 705 μὲν
1519 649 1643 704 ἑτέρα

122 720 229 776 κενὴ
248 721 534 762 παντάπασιν
567 719 700 775 ὤφθη
732 720 805 762 καὶ
836 722 968 775 μέρος
998 717 1133 761 οὐδὲν
1154 717 1261 760 οὐδὲ
1283 721 1498 770 λείψανον
1520 719 1642 771 ἔχου-

123 801 178 831 σα
209 791 288 830 τοῦ
319 788 540 842 σώματος·
576 789 626 830 ἐν
656 788 704 829 δὲ
734 790 786 843 τῇ
811 787 936 843 ἑτέρα
957 790 1048 828 τῶν
1070 785 1342 840 γραμμάτων
1365 784 1645 840 εὑρεθέντων

122 857 380 910 ἀναγνῶναι
411 856 493 910 μὲν
525 854 637 897 αὐτὰ
667 855 839 909 λέγεται
861 857 1068 904 Πετίλιος
1099 856 1360 908 στρατηγῶν
1389 854 1502 905 τότε,
1536 851 1645 907 πρὸς

78 944 108 966 ω
128 922 281 979 δὲτὴν
310 924 564 977 σύγκλητον
589 925 770 978 κομίσαι
801 921 859 978 μὴ
892 923 1044 964 δοκεῖν
1076 921 1196 977 αὐτῷ
1225 918 1413 975 θεμιτὸν
1436 917 1549 961 εἶναι
1579 921 1644 960 λέ-

125 1008 218 1045 γων
239 991 348 1046 μηδὲ
366 987 492 1033 ὅσιον
514 993 714 1032 ἔκπυστα
729 998 822 1040 τοῖς
838 992 1020 1038 πολλοῖς
1041 988 1093 1031 τὰ
1109 989 1388 1044 γεγραμμένα
1409 988 1641 1042 γενέσθαι·

124 1058 192 1101 διὸ
225 1059 300 1100 καὶ
331 1061 622 1113 κομισθείσας
653 1059 714 1108 εἰς
734 1056 783 1100 τὸ
807 1060 1024 1111 Κομίτιον
1045 1055 1124 1107 τοὶς
1144 1059 1330 1111 βίβλους
1352 1056 1642 1109 κατακαῆναι.

236 1127 276 1169 8.
310 1131 416 1168 Ρίὶη.
448 1142 486 1168 n.
510 1131 548 1168 lz.
575 1130 687 1168 XIII
705 1126 756 1168 87
789 1130 924 1168 Antias
956 1128 1132 1167 secundo
1164 1128 1290 1166 libros
1321 1128 1444 1166 fuisse
1479 1124 1643 1177 [tradit]

124 1198 194 1236 XII
226 1197 474 1249 pontificales
505 1197 686 1241 Latinos,
727 1196 892 1235 totidem
925 1196 1097 1235 Graecos
1129 1199 1339 1246 praecepta
1372 1193 1646 1245 philosophiae

80 1279 111 1305 15
129 1267 391 1304 continentes.

237 1329 315 1371 9²³⁶.
348 1334 432 1371 Lia.
467 1333 640 1370 XXXX
667 1329 734 1377 29,
768 1329 792 1370 8
822 1332 952 1370 Adicit
975 1332 1110 1370 Antias
1132 1330 1328 1375 Valerius,
1361 1330 1645 1379 Pythagoricos

127 1400 268 1452 [libros
289 1399 464 1452 Numae]
497 1401 634 1445 fuisse,
667 1400 849 1450 uolgatae
879 1400 1074 1450 opinioni,
1106 1410 1181 1449 qua
1205 1397 1381 1436 creditur
1403 1396 1646 1447 Pythagorae

126 1468 347 1507 auditorem
378 1469 501 1507 t'nisse
532 1466 713 1511 Numam,
746 1467 955 1506 mendacio
987 1465 1192 1517 probabili
1224 1463 1522 1504 adcommodata
1554 1463 1643 1501 [ide.

240 1533 347 1574 103.
388 1533 544 1585 (Valer.
570 1534 702 1586 Max.)
736 1536 785 1573 de
812 1545 1024 1584 praenom.
1055 1530 1083 1570 4
1111 1545 1151 1582 p.
1185 1530 1266 1572 746
1296 1531 1463 1581 Kempf.
1495 1531 1647 1569 Ancum

16 1622 19 1625 ·
71 1615 369 1654 201n·ae110111e11
406 1602 528 1641 Varro
572 1615 591 1641 e
630 1601 789 1641 Sabinis
833 1602 1070 1640 translatum
1114 1605 1244 1652 putat,
1292 1599 1474 1638 Valerius
1511 1599 1647 1637 Antias

127 1670 288 1715 scribit,
336 1670 441 1721 quod
486 1669 668 1709 cubitum
706 1671 897 1708 uitiosum
935 1668 1142 1712 habuerit,
1189 1669 1259 1719 qui
1299 1668 1447 1707 Graece
1480 1671 1646 1704 uocatur

125 1733 289 1788 ἀγκών.

241 1802 296 1844 11
311 1803 350 1843 *.
392 1806 497 1844 Plin.
529 1817 568 1844 n.
600 1805 639 1843 h.
672 1805 747 1844 III
773 1802 828 1844 70
866 1804 1076 1843 Praeterea
1116 1808 1254 1842 auctor
1286 1807 1345 1841 est
1375 1802 1529 1846 Antias,
1577 1814 1645 1852 op-

217 1970 283 2007 10.
309 1974 406 2005 Paul.
424 1985 456 2014 p.
477 1975 517 2005 19
536 1973 587 2005 M.
627 1973 750 2005 Ancus
776 1972 986 2015 appellatur
1012 1973 1073 2014 qui
1098 1972 1275 2004 aduncum
1300 1969 1511 2002 bracehium
1538 1968 1648 2000 habet

129 2022 166 2051 et
196 2019 381 2060 exporrigi
412 2029 483 2050 non
516 2022 648 2060 potest.
698 2018 795 2050 Seru.
829 2020 876 2050 ad
907 2019 992 2050 Aen.
1032 2017 1088 2049 VI
1116 2017 1181 2048 816
1213 2016 1335 2047 Ancus
1375 2017 1496 2046 autem
1529 2013 1648 2044 dietus

127 2061 324 2106 [Marcius]
349 2059 424 2096 ἀπὸ
451 2063 518 2096 τοῦ
545 2057 734 2105 ἀγκῶνος,
767 2063 804 2106 is}
831 2066 886 2095 est
911 2074 932 2094 a
959 2063 1101 2102 cubito,
1130 2072 1235 2103 quem
1259 2061 1450 2092 incuruum
1474 2058 1647 2090 habuisse

128 2109 271 2140 dicitur.
310 2109 435 2141 Zonar.
468 2109 544 2140 VII
561 2110 580 2141 7
607 2120 639 2150 p.
657 2110 701 2140 25
717 2109 757 2140 P.
780 2106 825 2150 ἠν
844 2104 886 2140 δὲ
911 2103 948 2150 [ὁ
974 2102 1162 2148 lisoio-mog]
1189 2101 1260 2148 τὴν
1278 2107 1387 2147 χεῖρα
1412 2100 1481 2136 οὐκ
1501 2097 1646 2144 ἄρτιος·

128 2149 199 2196 τὴν
223 2148 295 2195 γὰρ
320 2147 491 2196 ἀγκύλην
515 2151 728 2196 πεπήρωτο,
754 2145 852 2186 ὅθεν
877 2151 942 2185 καὶ
960 2146 1087 2194 ’Ἄγκος
1114 2146 1312 2192 ἐπώνυμον
1338 2146 1510 2191 ἔσχηκεν.

218 2196 277 2231 11.
304 2199 336 2230 Α
367 2198 549 2240 Tarquinio
574 2200 695 2230 Prisco
722 2198 867 2239 Apiolas
898 2202 1020 2239 captas
1053 2207 1126 2229 esse
1151 2199 1334 2227 memorant
1361 2195 1476 2225 Liuius
1502 2193 1524 2223 I
1548 2193 1590 2223 35
1616 2197 1648 2223 el

127 2245 307 2286 Dionysius
334 2243 404 2274 III
425 2245 480 2275 49.
529 2245 582 2275 z'lle
616 2249 723 2275 tamen
750 2245 916 2284 praedam
948 2244 1025 2274 inde
1056 2246 1225 2274 reuectam
1255 2241 1301 2271 ad
1334 2240 1432 2270 ludos
1462 2238 1649 2278 opulentias

126 2289 387 2330 instructiusque
411 2289 589 2328 faciendos
613 2298 809 2320 conuersam
835 2299 908 2320 esse
932 2289 1081 2328 scripsit,
1107 2287 1159 2317 hic
1184 2286 1264 2316 nihil
1288 2285 1329 2316 de
1352 2284 1497 2324 praeda.

245 2433 295 2486 7,
335 2438 368 2473 1.
416 2432 590 2486 βύβλους
639 2437 837 2485 Sanyerm.
1015 2435 1050 2471 2.
1090 2431 1157 2478 τὰς
1200 2433 1367 2469 Sintenis
1413 2431 1555 2467 addidit
1598 2441 1648 2465 ea:

134 2495 332 2541 Sanqerm.
366 2495 459 2533 Par,
483 2494 515 2529 A
538 2493 566 2530 C
735 2492 772 2529 2.
805 2493 841 2529 3.
875 2489 1141 2539 συνταφείσας
1172 2490 1265 2526 Par.
1292 2488 1320 2523 C
1490 2487 1526 2523 5.
1558 2481 1647 2528 τοὺς

133 2546 272 2599 σοροὺς
303 2551 397 2586 Par.
420 2550 452 2585 Α
586 2549 622 2585 7.
657 2549 693 2586 8.
728 2552 797 2584 τοῦ
830 2545 1007 2597 σώματος
1040 2544 1181 2595 ἔχουσα
1211 2546 1303 2581 Par.
1328 2544 1356 2580 Ο
1491 2543 1552 2579 10.
1586 2553 1646 2577 κο-

132 2604 243 2654 μίσαι
272 2607 363 2642 Ραν.
390 2606 416 2641 C
473 2600 642 2654 ὁρμῆσαι
674 2608 795 2641 celeri
822 2607 912 2641 libri
1056 2604 1119 2639 11.
1153 2603 1232 2645 τοῖς
1264 2614 1331 2636 om.
1366 2600 1562 2647 Sanyerm.

246 2657 290 2711 8,
325 2663 387 2698 13.
420 2662 578 2698 secundo
609 2662 716 2697 Ricc.
749 2662 797 2697 II
818 2663 900 2708 pal.
934 2662 1037 2697 Mon.
1098 2657 1274 2694 secundos
1307 2661 1377 2692 cet.
1411 2656 1515 2692 codd.
1547 2655 1646 2691 Deci.

190 2718 280 2754 libro
309 2721 388 2764 pal.
424 2719 523 2754 Mon.
671 2716 734 2752 14.
767 2714 842 2766 xil]
877 2728 918 2753 ex
949 2717 1003 2752 his
1044 2716 1125 2751 Val.
1158 2715 1251 2750 Par.
1276 2714 1311 2748 E

246 2770 297 2822 9,
339 2775 402 2810 19.
445 2773 672 2809 accomodata
709 2772 777 2809 fide
817 2775 872 2809 ed.
906 2775 971 2810 alt.
1004 2773 1123 2807 Basil.
1160 2772 1235 2814 (cx
1265 2769 1485 2815 Moyzmtff)
1550 2778 1648 2801 acco-

136 2831 254 2867 modat
276 2830 380 2866 [idem
408 2831 498 2866 libri
526 2840 604 2865 rec.
666 2829 936 2865 accommodans
959 2827 1062 2863 fidem
1089 2826 1378 2862 Drakenborch.

251 2881 321 2935 10,
355 2887 418 2923 20.
453 2882 592 2934 Antias]
627 2890 730 2921 antea
761 2886 889 2921 Paris.
952 2890 1069 2920 autem
1105 2883 1212 2918 Torr.

202 2963 315 2992 Pmmz,
344 2961 421 2987 nist.
440 2961 525 2986 Rom.
545 2959 610 2985 rell.
648 2961 664 2984 Ι
684 2983 688 2986 Δ
1296 2945 1378 2976 XVI
