1884 3213
228 196 438 226 cccxxxx
546 186 609 217 nr.
637 185 949 218 seRIPTonVM
975 185 1104 218 vrrIs
1132 185 1194 217 ET
1219 184 1435 218 sommus

229 302 344 338 ctiam
379 300 493 337 bomo
525 305 663 338 acutus
703 304 740 337 ct
771 311 907 349 sagax,
947 312 1063 351 quem
1106 312 1181 338 non
1214 299 1389 350 sugeret,
1433 300 1473 338 in
1513 299 1650 350 primis
1688 312 1759 351 per

227 367 383 418 plebem
424 368 600 411 stetisse,
642 368 874 418 quominus,
916 379 1016 418 quae
1059 372 1170 406 antea
1212 368 1298 405 eius
1338 367 1514 417 patronis
1553 369 1756 418 proposita

228 435 405 478 fuerant,
456 446 649 485 prospero
691 440 835 474 euentu
878 440 1074 474 carerent.
1144 436 1276 486 itaque
1323 439 1362 473 et
1402 435 1660 474 uehementer
1699 437 1757 474 in-

232 503 390 540 uehitur
423 504 461 540 in
496 503 704 541 scelestum
729 504 938 541 seruitium
972 516 990 541 a
1025 502 1234 541 nobilitate
1266 504 1482 553 inpositum
1514 508 1553 541 et
1583 505 1760 553 grauiter

227 572 381 609 incusat
412 569 543 621 plebis
576 572 774 620 ignauiam
808 576 846 609 et
876 570 1145 621 torpedinem,
1187 583 1285 622 quae
1318 583 1395 609 non
1428 570 1529 609 ultra
1562 573 1759 610 contionis

226 638 353 676 locum
386 650 537 676 memor
564 644 667 677 esset
689 638 888 677 libertatis
921 644 970 684 et,
1005 639 1106 690 quod
1132 639 1343 677 seruitium
1375 644 1500 683 esset,
1534 641 1657 678 otium
1689 652 1758 691 ap-

226 706 404 757 pellaret.
446 706 628 757 idemque
664 719 711 744 ne
744 707 880 745 credat
910 712 1015 745 recte
1040 711 1171 745 monet
1203 705 1425 745 nobilitatis
1464 706 1755 752 delenimentis,

229 774 373 825 quibus
410 774 492 812 eius
536 773 733 812 desideria
770 776 809 812 in
840 775 1053 813 aduentum
1092 774 1159 813 Cn.
1194 774 1373 825 Pompeii
1407 775 1575 814 differat.
1631 787 1756 826 neque

226 848 354 880 tamen
389 843 569 880 oratione
612 854 679 880 sua
722 841 936 893 quidquam
971 843 1152 893 profecit.
1215 854 1304 880 nam
1343 842 1455 893 plebs
1493 842 1645 881 artibus
1681 842 1757 881 illis

225 915 336 959 capta
371 911 411 947 in
444 908 656 948 aduentum
682 909 858 961 Pompeii
890 922 930 948 se
954 909 1105 948 differri
1139 915 1176 948 et
1207 909 1336 960 decipi
1368 922 1481 961 passa
1515 916 1585 948 est.
1628 910 1758 948 Macer

228 989 323 1014 uero
357 978 475 1015 etiam
509 976 580 1015 alia
614 978 765 1015 ratione
799 977 1018 1016 nobilitatis
1050 990 1143 1028 opes
1176 977 1438 1028 infringebat,
1479 983 1521 1016 ut
1552 980 1757 1016 accusauit

223 1044 263 1083 (11.
298 1043 526 1088 Rabirium,
576 1046 641 1095 qui
683 1046 870 1096 princeps
918 1046 1045 1083 fuerat
1080 1045 1119 1082 in
1160 1046 1282 1083 armis
1321 1050 1458 1083 contra
1499 1045 1754 1084 Saturninum

222 1111 421 1162 capiendis
456 1124 621 1162 eumque
656 1112 902 1151 interfecisse
935 1111 1252 1156 insimulabatur,
1284 1113 1387 1163 quod
1419 1113 1503 1151 loca
1535 1112 1582 1151 ab
1616 1125 1661 1151 eo
1693 1126 1754 1151 re-

222 1179 356 1229 ligiosa
399 1184 438 1217 et
478 1180 576 1224 luci,
618 1181 657 1218 in
691 1179 908 1218 Saturnino
947 1181 1088 1230 opinor
1120 1179 1403 1231 oppugnandO,
1446 1180 1584 1219 uiolati
1623 1187 1755 1219 essent

223 1247 316 1295 (Cic.
351 1258 423 1296 pro
444 1247 581 1285 Rabir.
605 1260 642 1297 p.
669 1260 697 1285 r.
720 1244 765 1292 2,
791 1246 843 1297 7).
884 1258 1119 1298 quamquam
1152 1249 1270 1286 etiam
1293 1248 1394 1286 hano
1426 1260 1585 1299 operam
1608 1249 1754 1287 frustra

222 1316 482 1365 consumpsit.
543 1316 672 1354 maior
704 1317 808 1354 enin]
844 1321 925 1353 tum
958 1321 1043 1354 erat
1077 1314 1295 1354 nobilitatis
1335 1317 1531 1366 potentia,
1564 1328 1679 1367 quam
1713 1322 1755 1354 ut

223 1394 322 1419 unus
354 1394 400 1419 ex
433 1396 479 1420 co
507 1395 671 1421 numero
704 1384 743 1421 in
778 1383 970 1421 iudicium
1003 1382 1050 1422 ab
1088 1383 1330 1422 aduersariis
1368 1387 1530 1421 uocatus
1556 1383 1753 1422 —condem-

221 1455 395 1494 naretur,
429 1455 546 1501 atque
580 1463 627 1488 ne
661 1451 796 1489 decem
827 1450 987 1501 quidem
1021 1450 1131 1488 annis
1162 1456 1251 1502 post
1281 1462 1369 1489 cum
1402 1456 1563 1490 auctore
1587 1451 1752 1490 Caesare

220 1529 240 1554 a
273 1517 316 1554 T.
351 1516 525 1555 Labieno
558 1517 652 1556 trib.
686 1518 739 1569 pl.
776 1518 979 1556 Saturnini
1012 1518 1131 1556 occisi
1170 1519 1338 1556 crimine
1380 1517 1596 1568 postulatus
1635 1524 1749 1563 esset,

222 1590 262 1622 ut
295 1586 484 1622 meritum
510 1585 556 1622 (lc
581 1598 626 1622 eo
649 1585 885 1636 supplicium
910 1590 1148 1629 sumeretur,
1182 1585 1255 1624 boc
1280 1585 1382 1624 effici
1404 1587 1533 1636 potuit
1557 1585 1609 1633 (C.
1634 1586 1751 1624 Peter

219 1652 255 1690 h.
292 1652 335 1689 R.
370 1651 402 1689 ll
437 1664 474 1702 p.
511 1650 591 1691 184
623 1665 705 1704 sqq.
754 1653 955 1692 Drumann
998 1653 1049 1691 ΙΙΙ
1080 1665 1116 1703 p.
1155 1651 1227 1691 161
1271 1652 1385 1704 sqq.).
1447 1653 1617 1704 denique
1659 1666 1748 1692 cun]

220 1721 260 1757 in
293 1719 431 1757 multis
473 1722 602 1758 causis
643 1725 681 1758 et
721 1719 892 1771 publicis
932 1726 970 1759 et
1007 1721 1171 1772 priuatis
1203 1725 1387 1759 uersatus
1420 1725 1479 1759 est
1513 1720 1604 1771 (Cic.
1641 1721 1751 1760 Brut.

219 1785 285 1830 (37,
317 1783 436 1836 238),
479 1793 560 1825 tum
594 1810 647 1814 ——
679 1789 874 1826 incertum
907 1794 966 1827 est
997 1800 1074 1838 quo
1105 1800 1207 1826 anno
1238 1810 1294 1815 -
1325 1788 1543 1827 Tuscorum
1577 1790 1750 1838 patroci-

220 1855 328 1892 nium
362 1856 558 1905 suscepit,
594 1859 635 1892 ut
667 1855 769 1894 bunc
802 1856 988 1906 populum
1023 1868 1041 1893 a
1075 1855 1181 1894 Sulla
1214 1857 1320 1905 agris
1352 1855 1559 1906 spoliatum
1592 1868 1750 1907 aspere-

220 1934 294 1972 que
328 1927 510 1960 uexatum
545 1922 845 1966 corroboraret,
880 1922 1180 1961 corroboratum
1214 1935 1301 1961 cum
1335 1923 1449 1974 plebe
1474 1924 1749 1963 reconciliaret

220 1988 365 2039 (Meyer
399 2001 456 2026 or.
491 1989 602 2027 Rom.
637 1989 707 2027 rel.
741 2002 776 2040 p.
809 1988 918 2038 387).
981 1990 1049 2027 IIis
1081 1995 1210 2028 autem
1244 1989 1382 2035 rebus,
1425 1992 1496 2029 etsi
1538 1991 1747 2042 pleraeque

220 2057 348 2094 minus
382 2069 571 2107 prospere
613 2058 648 2094 ei
690 2063 916 2101 cesserunt,
957 2062 1102 2095 tantam
1144 2056 1221 2095 sibi
1262 2059 1494 2107 conparauit
1535 2060 1745 2097 auctorita-

221 2129 320 2167 tem,
354 2131 395 2163 ut
427 2125 608 2175 quamuis
639 2126 785 2162 acriter
817 2123 1129 2175 repugnantibus
1161 2124 1416 2175 optimatibus
1448 2131 1608 2175 praetor
1639 2138 1748 2164 erea-

220 2197 330 2229 retur
364 2190 455 2242 (Val.
490 2191 588 2230 Max.
624 2191 725 2229 VIlll
760 2188 831 2236 12,
865 2190 915 2242 7).
979 2196 1059 2229 tum
1102 2204 1172 2242 pro
1211 2196 1397 2242 praetore
1427 2192 1465 2230 in
1498 2194 1745 2244 prouinciam

221 2264 279 2296 est
318 2260 473 2297 missus.
538 2271 663 2310 neque
704 2265 833 2297 tamen
875 2258 929 2297 ibi
969 2260 1163 2297 exercitui
1215 2259 1403 2310 praefuit,
1451 2261 1552 2311 quod
1596 2261 1745 2300 Krause

219 2339 255 2376 p.
289 2323 371 2364 234
411 2327 662 2364 existimauit.
724 2326 826 2377 quod
868 2327 972 2364 enim
1013 2328 1052 2364 in
1093 2327 1178 2365 eius
1218 2329 1277 2365 rei
1317 2329 1586 2366 testimonium
1629 2328 1745 2379 uulgo

219 2393 313 2431 baec
348 2393 492 2435 uerba,
527 2405 625 2444 qnae
659 2399 813 2431 exstant
844 2394 944 2444 apud
980 2393 1146 2432 Nonium
1180 2407 1209 2432 s.
1232 2407 1270 2432 u.
1304 2395 1543 2433 contendere
1577 2395 1627 2446 (p.
1649 2393 1743 2445 259)

218 2460 363 2499 adferri
397 2460 544 2499 solent:
576 2460 753 2499 Licinius
776 2462 915 2499 Macer
943 2462 982 2499 in
1013 2463 1181 2509 epistula
1213 2463 1270 2499 cccl
1294 2467 1495 2501 senatum.-
1527 2463 1612 2501 ‘Ille‘
1635 2475 1745 2501 suam

217 2530 340 2566 uitam
381 2539 529 2567 mecum
568 2529 830 2578 contendum,
877 2540 1042 2576 quorum
1088 2530 1128 2567 2'72
1173 2540 1344 2579 corpore
1381 2532 1438 2568 ila
1475 2530 1619 2568 erebra
1654 2537 1747 2570 sunt

217 2597 384 2633 uolnera
415 2598 542 2643 uitae,
585 2608 713 2634 nouae
750 2597 932 2634 cicalre‘cc'
960 2601 1003 2633 ul
1040 2597 1149 2634 locus
1179 2607 1255 2635 non
1287 2599 1338 2636 sit
1349 2596 1419 2646 ⁹¹),
1459 2610 1537 2636 non
1577 2597 1623 2636 de
1656 2598 1741 2637 uul-

309 2706 334 2748 ¹)
364 2706 607 2740 Vehementer
633 2707 778 2746 dubito,
807 2717 890 2738 num
915 2707 1050 2738 Licinii
1070 2709 1182 2739 Macri
1208 2709 1391 2751 epistulae
1418 2709 1476 2740 uel
1508 2710 1553 2741 ab
1581 2710 1658 2751 ipso
1684 2709 1743 2741 uel

219 2762 262 2792 ab
298 2762 422 2793 :unicis
454 2764 652 2804 separatim
686 2763 807 2795 editae
840 2763 924 2794 sint.
974 2763 1060 2793 mihi
1093 2764 1248 2805 epistula
1274 2764 1356 2804 illa,
1390 2776 1431 2796 ex
1465 2775 1534 2806 qua
1566 2765 1743 2806 quaedam

220 2818 358 2848 Nonius
385 2818 570 2860 laudauit,
599 2830 620 2850 a
639 2819 810 2851 Sallustio
838 2828 917 2850 esse
943 2818 1026 2850 ficta
1053 2823 1088 2850 et
1115 2831 1158 2851 ex
1186 2821 1262 2851 eius
1288 2820 1452 2852 historiis
1479 2824 1620 2863 sumpta
1644 2821 1741 2852 uide-

219 2876 286 2913 tur,
315 2873 349 2903 in
377 2874 508 2914 quibus
533 2875 724 2917 conplures
750 2874 930 2917 epistulae
957 2876 1204 2916 inueniuntur,
1236 2880 1277 2907 ut
1303 2877 1462 2918 epistula
1490 2876 1552 2908 Cn.
1580 2877 1740 2919 Pompeii
