1884 3213
150 837 213 867 132

148 883 213 923 ἶς’-22

482 709 842 766 SORIBONH
884 709 1166 767 LIBONIS
1209 709 1515 765 ANNALIS

359 832 399 873 l.
442 836 566 873 Cicer.
599 835 655 872 ad
683 835 762 873 Αίί.
786 833 901 873 ΧΗ]
929 833 995 880 30,
1028 833 1054 873 3
1085 835 1151 879 Mi,
1184 835 1349 873 sicunde
1381 840 1505 886 potes,
1539 847 1668 879 erueS,
1701 837 1768 885 qui

240 903 378 941 decem
413 902 532 952 legati
563 903 752 941 Mummio
785 904 948 942 l'uerInt.
1010 902 1198 953 Polybius
1237 916 1314 941 non
1348 905 1546 947 nominat,
1580 915 1653 953 ego
1686 914 1766 940 me-

239 972 338 1009 mini
369 969 559 1008 Albinum
591 971 842 1009 consularem
876 976 914 1009 et
946 970 1011 1021 Sp.
1045 970 1292 1008 Mummium.
1351 971 1493 1009 uideor
1533 970 1689 1009 audisse
1721 983 1767 1009 ex

240 1039 473 1082 Hortensio,
513 1038 768 1077 Tuditanum.
831 1038 898 1077 sed
938 1040 978 1076 iu
1018 1038 1183 1077 Libonis
1221 1038 1354 1076 annali
1385 1038 1494 1076 XIIII
1526 1039 1641 1076 annis
1680 1043 1768 1089 post

239 1111 401 1156 praetor
442 1111 499 1144 cst
532 1107 661 1145 sactus
692 1106 913 1145 Tuditanus
944 1118 1061 1157 quam
1094 1105 1234 1144 consul
1265 1106 1493 1144 Mummius.
1555 1118 1634 1144 non
1674 1117 1766 1144 sane
1791 1122 1808 1147 5

238 1173 417 1224 quadrat.

353 1239 395 1280 2.
429 1242 507 1279 Cic.
541 1243 597 1280 ad
628 1243 705 1280 Aa.
729 1242 847 1280 XIII
865 1239 931 1284 32,
954 1239 980 1280 3
1011 1241 1061 1280 Et
1093 1241 1196 1292 quod
1227 1241 1275 1279 ad
1306 1246 1343 1280 te
1375 1241 1422 1280 (le
1455 1241 1593 1280 decem
1626 1241 1768 1291 legatis

239 1310 403 1360 scripsi,
446 1322 587 1361 parum
629 1310 845 1354 intellexti,
878 1309 1018 1353 credo,
1053 1311 1145 1360 quia
1178 1306 1251 1347 διοὶ
1285 1308 1480 1361 σημείων
1511 1310 1765 1360 scripseram.

239 1377 292 1415 De
326 1377 366 1415 C.
400 1377 597 1416 Tuditano
629 1380 735 1416 enim
774 1377 1038 1429 quaerebam,
1080 1390 1198 1428 quem
1241 1390 1284 1416 ex
1318 1377 1531 1416 Hortensio
1563 1377 1765 1416 audieram

238 1446 362 1483 sulsse
404 1446 442 1483 in
483 1445 641 1490 decem;
690 1458 780 1484 eum
820 1445 938 1484 uideo
978 1447 1019 1484 in
1050 1445 1217 1484 Libonis
1255 1451 1481 1496 praetorem
1521 1445 1562 1483 P.
1595 1445 1767 1497 Popillio
1792 1458 1824 1482 10

238 1511 279 1550 P.
312 1512 487 1563 Rupilio.
550 1515 665 1552 annis
695 1513 805 1551 XIIII
837 1518 946 1557 ante,
986 1526 1102 1565 quam
1142 1518 1303 1564 praetor
1336 1513 1464 1552 factus
1496 1517 1574 1557 est,
1614 1513 1767 1563 legatus

238 1592 323 1618 esse
356 1582 578 1631 potuisset?
611 1583 690 1619 nisi
722 1581 934 1619 admodum
966 1593 1055 1619 sero
1088 1586 1274 1632 quaestor
1306 1586 1365 1619 est
1386 1581 1525 1624 sactus,
1559 1580 1662 1631 quod
1687 1593 1766 1619 uon

238 1647 427 1686 arbitror.
489 1648 607 1687 uideo
649 1650 755 1687 enim
794 1649 954 1687 curules
993 1650 1251 1699 magistratus
1290 1661 1378 1687 eum
1420 1648 1611 1698 legitimis
1651 1649 1766 1686 annis

238 1716 428 1766 perfacile
461 1718 628 1767 cepisse.

353 1883 394 1935 l,
431 1890 465 1924 1.
500 1899 625 1924 eruere
648 1889 787 1925 Medic.
820 1891 878 1925 ed.
910 1889 1049 1924 Ienson
1203 1888 1240 1925 2.
1275 1888 1420 1924 suerunt
1441 1888 1580 1925 Medic.
1603 1887 1763 1923 ahsen-

237 1955 317 1980 Son.
466 1945 504 1982 3.
527 1942 609 1994 Sp.]
635 1945 799 1981 Publium
822 1946 974 1981 Ienson.
1120 1944 1156 1980 4.
1181 1945 1357 1981 Tuditano
1380 1945 1479 1981 Med.
1502 1945 1583 1980 edd.
1603 1944 1764 1980 Roman.

237 2002 388 2037 Ienson.
508 2001 623 2037 anuali
657 2001 681 2036 ll
741 2001 813 2036 xlv
847 2002 934 2038 Cod.
966 2004 1002 2036 in
1035 2003 1121 2037 add.
1155 2002 1316 2037 Graeuie·
1338 2002 1532 2047 probante
1567 2000 1681 2037 Orell.

350 2053 392 2105 ⁸2,
428 2058 462 2094 7.
496 2070 513 2093 a
546 2063 581 2093 te
612 2057 712 2093 Med.
858 2058 895 2094 8.
928 2057 1087 2094 intellexi
1118 2058 1219 2094 Med.
1253 2059 1333 2093 edd.
1368 2057 1475 2093 Rom.
1509 2056 1662 2092 [enson.

240 2115 302 2151 10.
344 2114 382 2150 L.
417 2114 570 2162 Popillio
603 2115 703 2150 Med.
737 2115 820 2150 edd.
854 2116 964 2151 Rom.
996 2114 1149 2151 Ienson.
1299 2114 1360 2148 11.
1393 2114 1431 2149 P.
1464 2112 1630 2160 Rupiliam
1663 2112 1762 2148 Xllll.

237 2171 337 2207 Med.
399 2171 436 2205 P.
463 2170 644 2218 Rupilium
669 2170 756 2206 Xllll
783 2171 933 2209 Ienson.
1043 2171 1252 2206 consulibus
1279 2172 1380 2217 παῖς).
1411 2171 1564 2206 additur
1585 2174 1671 2215 post
1695 2169 1764 2205 Ru-

239 2228 322 2274 pilio
475 2227 536 2263 1⁶2.
572 2223 764 2276 quaestor]
797 2234 943 2275 praetor
974 2228 1132 2274 Pighius
