1884 3213
608 181 650 221 Q.
677 179 852 212 FAssivs
878 178 1058 211 PICTOR
1361 184 1590 214 Lxxxxvn

69 309 143 348 quc
176 296 222 334 de
255 308 298 334 ea
332 307 373 333 re
406 294 665 332 iudicandum
697 307 796 332 esse.
858 294 1032 343 primum
1064 293 1169 330 enim
1203 292 1235 329 is
1267 289 1391 334 locus,
1424 302 1500 340 quo
1533 290 1591 326 ni-

70 365 167 402 titur
199 363 392 406 Niebuhr,
425 374 504 400 non
538 363 590 400 ita
624 363 663 399 in
706 361 822 399 libris
862 362 1036 411 scriptus
1075 364 1221 402 exstat,
1262 357 1593 408 ‹piemffllnmdum

72 431 137 470 ille
170 431 268 475 uult,
302 431 370 468 sed
404 429 525 467 alium
558 440 767 466 numerum
801 428 960 466 exbibet,
993 433 1109 480 atque
1142 440 1218 465 non
1252 438 1296 464 ex
1331 425 1450 463 buius
1482 424 1591 463 Fabii

70 500 233 537 Graecis
267 496 478 537 annalibus
510 496 578 535 sed
610 508 656 533 ex
689 496 841 534 Latinis
874 495 973 533 alius
1005 494 1117 533 Fabii
1150 498 1331 544 sumptus
1363 498 1420 531 est,
1454 491 1516 542 (ΓΡ.
1540 491 1594 543 5).

70 566 214 604 deinde
247 566 321 603 hoc
355 565 607 615 exploratum
638 569 697 601 est
729 563 947 602 secundum
970 562 1187 601 Diodorum
1213 559 1275 611 (fr.
1299 560 1438 599 XVIIII
1462 560 1594 612 nimi.)

69 633 232 672 Romam
256 632 463 671 conditam
486 644 571 670 esse
594 631 720 670 altero
753 644 856 669 anuo
889 632 1078 681 septimae
1102 629 1352 680 olympiadis,
1377 627 1596 666 Ικ’(ϊυιιιΙιιιιι

73 700 237 739 Fabium
271 699 401 738 tribus
424 701 538 738 annis
569 704 670 750 post.
712 699 833 750 quid?
866 699 969 749 quod
992 712 1038 736 eo
1061 699 1147 748 ipso
1170 697 1272 740 loco,
1307 696 1377 733 ubi
1401 695 1598 733 Diodorus

73 768 191 819 (apud
231 767 448 806 Eusebium
489 767 550 805 uel
592 766 818 817 Syneellum
860 767 908 804 l'r.
949 763 988 818 3)
1040 765 1205 804 Fabium
1245 769 1447 802 auctorem
1488 765 1598 807 citat,

73 836 172 875 nibil
214 830 373 887 praeter
413 835 487 873 hoc
529 836 658 885 ipsum
698 835 735 872 ei
774 833 921 872 debere
961 833 1135 871 uidetur.
1198 832 1255 881 ibi
1300 833 1405 870 enim
1452 832 1599 869 refutat

74 905 314 955 scriptorum
346 902 595 954 quorundam
627 902 879 952 opinionem,
912 903 980 952 qui
1010 900 1223 939 Romulum
1256 912 1303 938 ex
1333 900 1487 938 Aeneae
1521 898 1599 936 tilia

75 977 207 1009 natum
232 970 458 1009 condidisse
481 970 645 1008 Romam
679 970 911 1019 scripserint
930 966 970 1020 ¹4),
1003 974 1119 1019 atque
1142 969 1200 1006 sic
1224 979 1335 1005 suam
1358 967 1598 1005 sententiam

76 1040 256 1089 exponit:
290 1035 471 1084 Αἰνείας
491 1032 577 1088 γάρ
609 1032 717 1088 μετά
750 1031 831 1087 τήν
853 1031 1023 1074 ἅλωσιν
1044 1034 1120 1086 τῆς
1147 1034 1307 1084 Τροίας
1330 1030 1443 1073 ἐτῶν
1464 1034 1602 1083 τριῶν

77 1102 399 1155 παρελθόντων
429 1101 681 1156 παρέλαβεν
712 1099 793 1155 τὴν
813 1102 903 1142 τῶν
924 1103 1132 1141 Λατίνων
1152 1101 1386 1154 βασιλείαν
1416 1097 1490 1139 καὶ
1522 1114 1602 1139 καἡ

79 1168 251 1223 τασχών
289 1171 437 1224 τριετῆ
474 1166 639 1223 χρόνον
683 1168 728 1219 ἐξ
768 1167 1025 1222 ἀνθρώπων
1067 1166 1301 1222 ἠφανίσθη
1348 1165 1422 1208 καὶ
1463 1168 1604 1220 τιμῶν

80 1239 205 1291 ἔτυχε
244 1235 500 1289 ἀθανάτων,
539 1235 620 1290 τὴν
651 1233 690 1277 δ’
726 1234 868 1290 ἀρχὴν
899 1235 1214 1289 διαδεξάμενος
1247 1232 1478 1282 Ἀσκάνιος
1508 1234 1605 1283 υἱὸς

80 1307 253 1347 ἔκτισεν
271 1304 455 1358 ’Ἀλβαν,
487 1304 570 1359 τὴν
600 1307 687 1345 νῦν
717 1304 998 1357 καλουμένην
1035 1301 1235 1356 Λόγχαν,
1273 1298 1331 1356 ἢν
1370 1298 1605 1355 ὠνόμασεν

78 1370 164 1414 άπὸ
196 1377 276 1413 τοῦ
305 1374 507 1426 ποταμοῦ
548 1373 628 1412 τοῦ
657 1370 755 1412 τότε
793 1371 876 1424 μὲν
907 1366 1045 1424 Ἀλβεῖ
1082 1369 1388 1423 καλουμένου,
1429 1372 1517 1410 νῦν
1557 1369 1604 1410 δὲ

84 1439 300 1494 Τιβέρεως
340 1435 681 1493 ὀνομαζομένου.
751 1438 852 1493 περὶ
898 1437 946 1478 δὲ
985 1441 1061 1493 τῆς
1106 1439 1407 1492 προσηγορίας
1444 1436 1606 1490 ταύτης

81 1507 249 1562 Φάβιος
263 1534 318 1537 -
336 1506 482 1555 ἄλλως
503 1505 874 1561 μεμυθολόγηκεν
895 1521 935 1546 κ.
955 1521 992 1546 τ.
1011 1508 1048 1547 λ.
1083 1509 1246 1560 adparet
1268 1508 1364 1546 duas
1387 1509 1605 1546 sententias

80 1593 100 1619 a
122 1578 294 1617 Diodoro
316 1579 391 1617 hoc
414 1579 502 1617 loeo
526 1580 632 1617 inter
655 1590 694 1616 se
718 1578 878 1629 opponi,
903 1578 1143 1616 sententiam
1165 1577 1250 1615 eius
1273 1578 1461 1621 auctoris,
1486 1588 1601 1626 quem

82 1649 165 1698 ipse
197 1648 391 1698 sequitur,
425 1651 542 1697 atque
575 1647 815 1696 scriptorum
848 1645 1008 1683 illorum
1040 1644 1287 1695 quorundam
1312 1644 1519 1695 Fabiique,
1553 1649 1604 1683 et.

82 1716 159 1752 nisi
192 1714 351 1753 aliunde
384 1718 618 1764 conpertum
651 1713 909 1756 haberemus,
950 1713 1043 1763 quid
1083 1712 1230 1751 Fabius
1270 1711 1316 1750 de
1347 1711 1508 1750 Romuli
1539 1723 1605 1760 ge—

83 1794 178 1820 nere
209 1781 450 1824 tradidisset,
484 1780 776 1819 adsentiremur
807 1782 892 1819 sine
915 1779 1165 1819 dubitatione
1186 1780 1430 1818 Mommseno
1454 1777 1606 1830 (chron.

84 1862 121 1900 p.
157 1847 263 1901 1484»,
311 1850 378 1900 qui
419 1861 463 1886 ex
506 1848 656 1887 citandi
703 1861 813 1887 more
863 1848 942 1886 illis
989 1847 1260 1899 scriptoribus
1299 1849 1446 1886 usitato
1487 1848 1605 1885 etiam

86 1918 220 1968 priore
251 1917 337 1955 loco
369 1916 535 1954 Fabium
566 1917 835 1967 significatum
874 1929 960 1954 esse
1000 1917 1209 1955 conclusit.
1269 1910 1309 1953 at
1348 1927 1445 1953 uero
1484 1920 1522 1952 et
1561 1926 1607 1951 ex

87 1984 320 2027 Plutarcho,
367 1986 433 2034 qui
473 1985 621 2022 diserte
661 1996 732 2022 nos
779 1991 941 2022 reuocat.
980 1984 1026 2022 ad
1067 1983 1180 2022 Fabii
1222 1984 1499 2021 auctoritatem
1543 1981 1605 2030 (rr.

84 2049 149 2104 5³²)
183 2057 219 2090 et
252 2064 296 2090 ex
330 2051 530 2103 Dionysio,
564 2064 680 2102 quem
713 2053 789 2089 iam
821 2051 887 2089 hic
919 2050 1084 2089 Fabium
1123 2052 1383 2101 exscripsisse
1424 2051 1509 2087 ueri
1550 2055 1607 2086 est

87 2120 217 2157 simile
251 2119 344 2157 (uid.
380 2119 468 2158 adn.
503 2120 550 2157 ad
582 2120 630 2157 sr.
662 2116 744 2170 5³),
778 2120 938 2162 scimus,
972 2118 1138 2157 Fabium
1180 2118 1354 2157 fabulam
1386 2117 1606 2166 uulgarem,

88 2200 164 2238 qua
194 2186 412 2225 Numitoris
443 2200 566 2238 nepos
596 2186 788 2224 Romulus
828 2185 1090 2231 credebatur,
1132 2187 1347 2237 recepisse.
1409 2197 1525 2235 quam
1557 2183 1607 2221 ob

91 2266 174 2292 rem
206 2255 292 2292 lieri
326 2267 404 2293 non
437 2259 580 2305 potest,
614 2260 655 2292 ut
687 2255 822 2305 priore
854 2254 941 2292 loco
981 2253 1176 2292 Diodorus
1214 2253 1379 2291 Fabium
1422 2253 1609 2291 reiecisse

89 2321 287 2366 uideatur,
321 2328 358 2359 et
381 2334 544 2372 perrara
566 2322 734 2371 uestigia
759 2321 1023 2365 relincuntur,
1047 2321 1192 2372 quibus
1214 2321 1322 2359 ducti
1345 2320 1516 2358 Diodoro
1538 2319 1608 2356 Fa-

90 2389 202 2428 bium
232 2391 381 2428 sontem
406 2391 643 2441 primarium
671 2390 793 2427 fuisse
820 2386 1145 2437 existimemusst‘)
1186 2387 1527 2439 Acquiescendum
1553 2392 1610 2423 est.

184 2534 209 2576 ¹)
235 2535 372 2567 Eadem
397 2535 635 2567 inueniuntur
665 2535 763 2576 apud
794 2534 1009 2575 Dionysium
1042 2535 1057 2566 I
1092 2535 1151 2567 73:
1190 2529 1310 2575 ἕτεροι
1342 2529 1384 2565 δὲ
1417 2525 1610 2573 θυγατρὸς

92 2588 245 2624 Αἰνείου
270 2589 416 2629 παῖδας
444 2587 645 2634 [γενέσθαι
672 2586 823 2633 λέγουσι
847 2584 1036 2632 Ῥωμύλον
1068 2601 1107 2622 τε
1141 2587 1205 2621 καὶ
1229 2584 1374 2630 Ῥῶμον
1406 2582 1494 2624 τοὺς
1519 2584 1612 2619 οἰκι-

92 2642 182 2684 στάς
207 2645 273 2688 τῆς
294 2641 470 2689 Ῥώμης],
497 2639 589 2679 ὅτου
614 2643 657 2679 δὲ
684 2640 826 2688 πατρὸς
853 2639 979 2678 οὐκέτι
1005 2644 1235 2687 διορίζοντες
1260 2655 1294 2676 κ.
1319 2655 1349 2675 τ.
1374 2643 1404 2674 λ.

184 2701 213 2743 ²)
240 2702 362 2733 Etiam
389 2712 431 2733 ea
457 2712 550 2743 quae
577 2702 619 2734 de
646 2701 867 2733 Hamilcaris
894 2701 1014 2733 studio
1039 2700 1244 2743 tyrannidis
1261 2698 1443 2730 Diodorus
1462 2697 1552 2738 (exe.
1571 2698 1612 2729 de

95 2759 219 2790 uirtut.
246 2757 345 2789 XXV
378 2768 411 2799 p.
446 2759 508 2789 102
543 2755 672 2799 Dind)
704 2757 856 2798 rettulit,
889 2757 951 2788 uix
982 2756 1175 2789 conciliari
1207 2756 1358 2796 possunt
1386 2763 1465 2784 cum
1495 2754 1612 2785 Fabio

96 2812 154 2856 (fr.
173 2815 215 2845 25
234 2824 263 2846 c.
283 2812 393 2854 adn).
431 2812 522 2844 haec
549 2813 643 2844 enim
668 2812 728 2844 ille
755 2813 798 2844 de
823 2812 1053 2844 Hamilcare:
1081 2804 1238 2851 ὕστερον
1265 2805 1307 2841 δὲ
1333 2802 1427 2849 μετὰ
1452 2802 1522 2851 τὴν
1547 2820 1611 2841 κα-

96 2864 252 2901 τάλυσιν
285 2867 352 2901 τοῦ
384 2864 482 2900 κατὰ
522 2863 592 2908 τὴν
624 2863 770 2910 Λιβύην
795 2865 961 2910 πολέμου
993 2860 1339 2907 συστησάμενος
1371 2857 1610 2906 ἑταιρείαν

163 2930 272 2960 Pmm,
291 2929 370 2955 Hist.
390 2928 475 2953 Rom.
495 2927 562 2954 rell.
598 2928 621 2953 Ι.
1323 2921 1341 2951 7
