1884 3213
135 598 200 628 250

226 167 309 207 314
840 167 1138 208 RELLIQVIAE

228 282 329 333 apud
361 281 580 332 Bagradam
611 283 757 321 llunien
790 283 954 334 positis,
987 281 1185 333 proelium
1228 283 1377 333 grande
1417 289 1533 336 atque
1575 297 1666 323 acre
1699 285 1754 323 se-

228 351 330 388 cisse
370 349 563 388 aduersus
605 362 727 388 unum
769 355 996 402 serpentem
1036 352 1076 390 in
1115 350 1195 389 illis
1236 351 1335 389 locis
1375 351 1640 391 stabulantem
1696 353 1755 391 in-

230 418 412 456 uisitatae
446 418 704 462 inmanitatis,
739 430 908 470 eumque
941 429 1083 468 magna
1113 419 1236 456 totius
1268 420 1468 458 exercitus
1498 419 1754 459 conflictione

228 485 385 523 balistis
436 490 552 536 atque
605 485 817 537 catapultis
868 486 935 524 diu
987 491 1279 537 oppugnatum,
1331 487 1496 538 eiusque
1548 488 1756 527 interfecti

227 555 382 591 corium
416 553 578 604 longum
611 553 733 604 pedes
763 559 925 592 centum
957 559 995 592 ct
1027 554 1174 604 uiginti
1204 553 1369 592 Romam
1401 556 1571 593 misisse.
1774 569 1790 594 5

339 618 416 660 9²⁵³.
460 623 557 660 Gell.
599 621 683 659 VII
712 619 805 671 (VJ)
837 619 876 667 4,
909 619 935 659 2
973 621 1153 660 Eundem
1191 620 1386 671 Regulum
1425 622 1583 661 Tubero
1622 623 1662 661 in
1695 621 1754 661 hi-

226 690 364 726 storiis
404 689 555 727 redisse
594 689 873 738 Carthaginem
914 691 1108 742 nouisque
1149 690 1422 740 exemplorum
1454 690 1581 729 modis
1612 702 1753 728 exeru-

226 758 373 795 ciatuln
407 770 425 794 a
458 757 603 795 Poenis
635 757 753 795 dicit:
794 756 838 796 In
871 762 994 801 atras,
1037 758 1186 809 inquit,
1229 763 1266 796 et
1305 758 1523 809 profundas
1566 757 1755 796 tenebras

226 836 315 862 eum
347 824 587 864 claudebant
630 838 674 863 ae
707 825 773 863 diu
813 830 925 876 post,
969 825 1037 864 ubi
1069 831 1153 863 erat
1185 827 1296 864 uisus
1335 826 1392 865 sol
1435 826 1752 871 ardentissimus,

224 897 389 942 repente
436 892 659 931 educebant
705 898 742 931 et
785 893 978 931 aduersus
1024 894 1126 931 ictus
1165 893 1261 931 solis
1299 894 1525 945 oppositum
1571 895 1753 932 contine·
1780 909 1812 933 ιο

226 959 321 998 bant
366 965 482 1011 atquc
530 960 738 999 intendere
786 962 826 999 in
872 961 1026 999 caelum
1072 960 1209 999 oeulos
1257 960 1465 1012 cogebant.
1543 960 1754 1012 palpebras

224 1039 381 1078 quoque
421 1028 526 1072 eius,
575 1040 623 1067 ne
662 1030 853 1067 coniuere
885 1033 1039 1080 posset,
1087 1041 1244 1067 sursum
1276 1041 1319 1067 ac
1353 1028 1536 1068 deorsum
1574 1028 1754 1067 diductas

227 1094 454 1133 insuebant.

796 1205 883 1247 EX
922 1205 1048 1247 LIB.
1089 1206 1249 1248 XIIII

339 1306 410 1348 10.
450 1311 601 1349 Nonius
630 1323 661 1349 s.
695 1323 733 1349 a.
765 1312 1005 1350 luxuriabat
1029 1323 1073 1360 p.
1107 1309 1181 1350 481
1219 1311 1378 1350 Tubero
1416 1311 1520 1350 libro
1553 1311 1659 1350 XIIII
1691 1312 1751 1351 hi-

224 1378 457 1416 storiarum:
492 1378 588 1417 Pars
620 1380 748 1417 omnis
780 1378 1021 1418 luxuriabat.
1777 1398 1810 1424 15

507 1612 512 1618 ἡ
551 1556 845 1599 INOERTAE
878 1556 1040 1599 SEDIS
1071 1556 1428 1606 RELLIQVJAE

339 1659 411 1701 ll.
451 1666 611 1701 sueton.
647 1662 758 1701 Caes.
791 1659 845 1701 83
885 1663 1057 1709 Quintus
1094 1662 1253 1702 Tubero
1293 1662 1434 1707 tradit,
1476 1662 1662 1701 heredem
1702 1663 1750 1701 ab

225 1742 270 1766 eo
306 1728 428 1780 [lullo
460 1730 653 1782 Caesare]
690 1730 815 1770 scribi
846 1730 1009 1769 solitum
1042 1742 1088 1769 ex
1120 1730 1330 1769 consulatu
1363 1731 1491 1782 ipsius
1520 1732 1652 1782 primo
1686 1743 1749 1769 us-

225 1909 407 1949 eubuisse,
435 1910 673 1952 omnibusque
701 1914 738 1942 et,
763 1910 971 1942 cohortibus
998 1914 1034 1942 et
1059 1910 1267 1952 legionibus
1286 1911 1365 1952 ipsa
1384 1910 1608 1952 Carthagine
1635 1910 1750 1942 uisam

225 1954 492 1986 terribiliorem.
544 1958 652 1997 atque
693 1956 804 1987 etiam
839 1966 965 1987 eruore
1005 1966 1067 1987 suo
1094 1956 1302 1997 gurgitibus
1335 1956 1482 1987 imbutis
1514 1956 1749 1998 corporisque

223 1999 382 2031 iacentis
408 2000 586 2042 pestifero
619 2000 746 2032 adlatu
778 2001 903 2032 uicina.
937 2001 1085 2041 regione
1118 2000 1257 2042 polluta
1284 2001 1448 2032 Romana
1481 2001 1564 2032 inde
1598 2011 1751 2033 summo·

222 2045 318 2076 uisse
340 2049 472 2079 castra.
508 2046 621 2077 adicit
636 2046 730 2077 enirn
749 2046 880 2077 beluae
901 2046 1037 2078 corium
1056 2049 1199 2077 centum
1216 2050 1252 2077 et
1269 2046 1400 2086 uiginti
1420 2045 1552 2087 pedum
1570 2046 1606 2076 in
1625 2046 1748 2077 urbem

222 2090 381 2125 missum,
418 2093 494 2123 ilem
525 2102 571 2122 ex
595 2091 701 2123 Liuio
719 2102 780 2122 sun
804 2091 986 2122 hauserant
1012 2091 1150 2122 Orosius
1176 2091 1268 2122 IIII
1291 2092 1321 2123 8.
1349 2093 1468 2122 Senee.
1495 2093 1594 2132 epist.
1621 2091 1689 2122 III
1708 2093 1746 2122 11

223 2135 309 2175 (82),
337 2137 389 2167 24.
433 2135 492 2167 Sil.
526 2136 606 2168 Ital.
642 2137 694 2167 VI
730 2138 804 2168 140.
848 2136 974 2168 Zonar.
1005 2136 1107 2167 VIII
1138 2137 1178 2168 13
1208 2147 1243 2177 p.
1273 2137 1348 2167 147.
1390 2136 1436 2175 ef.
1464 2137 1550 2167 Ptin.
1581 2135 1680 2167 VIII
1705 2138 1748 2168 37

223 2181 295 2221 (qni
320 2182 353 2212 in
377 2183 487 2213 indice
514 2186 686 2213 {laetorum
711 2192 770 2213 nee
802 2181 1005 2214 Tuberonem
1033 2193 1092 2213 nec
1119 2182 1249 2213 Liuium
1273 2192 1334 2212 nee
1365 2182 1536 2213 Valerium
1562 2181 1747 2213 Mna-imum

222 2226 443 2267 arl-s·‹.¹7‘z'p.s·it):
485 2227 580 2258 Nota
607 2231 662 2259 est
687 2228 723 2258 in
750 2226 897 2259 Punicis
921 2226 1029 2258 bellis
1057 2226 1100 2257 ad
1126 2226 1256 2258 flumen
1282 2226 1491 2268 Bagradam
1518 2225 1659 2267 Regulo
1684 2226 1745 2257 im-

222 2275 390 2311 peratore
417 2271 578 2303 ballistis
605 2272 864 2312 tormentisque
898 2274 935 2302 ut
968 2272 1140 2313 oppidum
1174 2271 1322 2312 aliquod
1356 2274 1566 2313 expugnata.
1597 2281 1747 2313 serpens

222 2316 319 2347 CXX
347 2316 477 2358 pedum
504 2317 755 2358 longitudinis.
792 2316 897 2358 pellis
924 2317 1004 2348 eius
1029 2316 1275 2358 maxillaeque
1302 2326 1416 2358 usque
1443 2316 1488 2348 ad
1514 2315 1648 2348 bellum
1675 2317 1747 2348 Nu-

222 2362 424 2393 mantinum
452 2362 632 2394 durauere
659 2363 792 2394 Romae
819 2363 855 2393 in
882 2362 1029 2403 templo.

871 2527 883 2557 t

342 2546 374 2581 l.
406 2544 556 2592 prelium
594 2546 625 2580 P
794 2546 830 2581 3.
887 2545 985 2579 ocius
1030 2539 1077 2579 V¹
1112 2543 1171 2589 (m.
1204 2554 1279 2579 see.
1314 2544 1433 2590 corr.)
1501 2544 1599 2580 ocius
1631 2545 1666 2580 P

224 2600 262 2637 4.
295 2606 370 2637 cata
401 2601 511 2648 pultis
545 2601 575 2636 V

338 2674 382 2727 9,
416 2681 452 2716 6.
486 2680 521 2715 7.
557 2681 590 2714 in
632 2680 757 2715 iisdem
798 2681 878 2715 hist.
921 2680 1031 2726 aalys)
1098 2680 1222 2715 iisdem
1255 2692 1322 2715 om.
1368 2680 1438 2715 VI'
1467 2677 1514 2728 (R
1543 2681 1641 2715 llaec
1671 2690 1746 2715 non

224 2735 350 2781 habet)
482 2736 517 2771 7.
551 2742 685 2783 cartag.
721 2737 748 2772 V
869 2736 906 2771 8.
939 2736 1042 2782 penis
1075 2735 1107 2770 V
1222 2736 1285 2772 io.
1317 2736 1365 2772 In
1396 2736 1501 2771 uerb.
1535 2735 1627 2771 ictus
1659 2735 1745 2771 solis

224 2793 360 2827 desinit
383 2792 416 2827 P
473 2792 590 2827 hictus
625 2793 654 2827 V
770 2792 831 2828 12.
863 2790 1032 2827 conibere
1067 2793 1095 2827 V

342 2865 413 2918 10,
449 2870 512 2909 13.
547 2875 676 2906 tuuero
701 2866 753 2907 L¹
813 2869 941 2906 tubero
974 2869 1060 2905 Xllll
1091 2881 1173 2918 pars
1196 2870 1232 2906 F
