1884 3213
211 220 485 251 ‹mxxxxvlll
583 209 644 240 1113
672 207 979 239 SCRIPTORVM
1005 206 1130 239 vrrls
1156 206 1218 237 ET
1245 205 1466 239 sommas

215 328 317 365 idem
351 325 397 363 de
433 325 574 362 Liuio
615 323 878 372 ‹li‹:i.pot‹=st.
942 333 1030 359 nam
1070 322 1188 359 etiam
1229 321 1332 372 apud
1372 321 1476 360 hunc
1518 323 1557 361 in
1598 323 1738 373 primis

216 395 461 445 pidissimum
504 390 619 428 libris
650 388 853 427 annalium
885 389 1042 427 Pisonis
1082 390 1250 439 uestigia
1281 389 1485 440 adparent.
1547 390 1614 428 sed
1647 403 1738 429 cum

214 461 390 511 Dionysii
424 460 581 497 animus
614 469 836 509 propensus
868 463 970 495 esset
1003 457 1049 495 ad
1083 457 1180 495 tales
1202 457 1338 509 quales
1360 458 1453 496 Piso
1477 460 1601 497 mouit
1623 459 1739 497 ‹tubi-

215 531 397 568 tationvs.
431 527 545 565 Liuio
578 538 677 577 qnae
708 525 903 576 ‘poeticis
945 526 1072 575 magis
1104 525 1247 563 decora
1280 525 1426 564 fabulis
1458 539 1574 577 quam
1608 528 1739 565 incor-

217 597 343 647 ruptis
376 599 732 644 rerumgestarum
766 594 1035 631 monumentis
1056 592 1326 639 traderentur,
1359 606 1403 632 ea
1427 607 1499 633 nec
1532 595 1740 633 adfirmare

217 678 289 703 nec
323 663 506 702 refellere
540 663 579 700 in
620 663 753 700 animo
785 658 947 710 e1·at’.¹)
1010 662 1143 711 itaque
1183 675 1419 713 quamquam
1459 668 1622 714 propter
1661 676 1740 702 ma-

215 745 332 783 gnam
366 731 662 773 anctoritatem,
697 742 772 780 qua
806 735 887 767 tum
921 728 1117 768 ilorehant
1136 729 1293 768 Pisonis
1325 730 1500 775 annales,
1533 744 1600 769 eos
1631 732 1740 770 lecti-

217 806 365 838 tauerat
410 798 606 849 iidemque
647 810 785 836 eorum
825 798 958 847 magni
997 796 1231 836 aestimabat
1272 796 1334 847 (fr.
1366 796 1433 837 26.
1466 796 1556 849 28),
1597 804 1741 843 tamen,

217 881 305 905 vum
349 867 502 905 indoles
541 866 742 904 annalium
781 866 901 904 nimis
941 866 1072 903 ieiuna
1105 870 1143 903 et
1174 865 1290 904 exilis
1329 871 1451 911 esset,
1493 867 1591 905 alios
1623 867 1744 905 (luces

219 936 430 986 primarios
471 947 557 971 esse
597 933 735 971 maluit
767 939 805 972 ct
844 933 1079 984 planumque
1121 934 1217 972 satis
1255 932 1469 987 hahuit-ea
1509 948 1608 986 quae
1641 935 1742 986 apud

218 1004 401 1041 Pisonem
443 1002 602 1040 diuersa
633 1001 681 1039 ah
714 1001 803 1039 aliis
842 1000 1110 1053 scriptoribus
1142 1002 1371 1046 inuenerat,
1413 1001 1592 1041 breuiter
1623 1002 1743 1041 adno-

218 1077 333 1109 tasse.
379 1077 419 1109 ut
451 1068 572 1109 [1:16
604 1069 762 1107 Pisonis
793 1070 1032 1107 sententiam
1065 1070 1177 1120 quasi
1210 1070 1250 1107 in
1283 1070 1511 1120 parenthesi
1543 1069 1743 1115 adnexuit,

217 1152 307 1177 cum
341 1144 455 1177 antea
497 1139 537 1176 in
575 1142 712 1175 tenore
752 1138 993 1175 narrationis
1027 1135 1074 1186 (c.
1107 1134 1181 1181 53,
1213 1134 1254 1188 3)
1288 1137 1455 1176 Fahium
1488 1136 1551 1187 (l'r.
1587 1136 1650 1188 13)
1684 1152 1744 1177 se-

219 1212 335 1245 cutus
375 1211 491 1244 esset.
553 1208 602 1244 l'r.
635 1202 689 1243 23
729 1217 774 1242 ex
815 1205 972 1243 Pisonis
1011 1206 1209 1243 sententia
1251 1206 1379 1255 primo
1419 1205 1517 1244 duos
1562 1205 1746 1244 tribunos

221 1274 350 1325 piebis
382 1278 539 1312 creatos
571 1286 657 1311 esse
690 1273 859 1317 rettulit,
894 1278 976 1311 tum
1009 1285 1042 1311 a.
1075 1269 1171 1310 471.
1204 1270 1287 1311 283
1320 1278 1400 1312 tres
1432 1273 1598 1318 additos,
1632 1279 1746 1313 antea

221 1355 336 1386 uero,
371 1354 460 1380 cum
493 1342 760 1379 secessionem
794 1342 833 1379 in
866 1346 1039 1379 montem
1072 1352 1230 1379 sacrum
1268 1342 1410 1379 factam
1443 1346 1658 1393 exponeret
1690 1339 1747 1387 (II

219 1409 294 1454 33,
328 1407 390 1461 2),
432 1409 565 1447 statim
607 1410 647 1446 in
688 1414 820 1446 monte
861 1420 973 1447 sacro
1014 1409 1189 1459 quinque
1226 1409 1352 1447 factos
1391 1421 1476 1448 esse
1517 1411 1744 1460 scripserat.

222 1476 326 1522 146,
350 1475 377 1514 4
408 1478 483 1516 hoc
516 1476 676 1527 quidem
704 1477 1024 1515 cmnnemorauit
1056 1475 1209 1521 Liuius,
1243 1477 1368 1515 fnisse
1409 1475 1557 1528 quihus
1588 1477 1630 1515 L.
1652 1478 1746 1516 Tar-

222 1538 386 1596 quinius
420 1557 542 1595 nepos
567 1545 690 1582 Prisci
727 1545 849 1582 fuisse
883 1543 1089 1582 uideretur
1123 1542 1186 1594 (sr.
1212 1542 1291 1594 15),
1324 1550 1458 1595 postea
1482 1551 1614 1583 tamen
1646 1558 1747 1583 sem-

225 1626 294 1663 per
328 1612 531 1660 uulgarem
565 1612 802 1650 sententiam
834 1611 1038 1662 amplexus
1070 1624 1146 1650 non
1181 1611 1307 1651 solum
1341 1613 1465 1651 tilium
1498 1613 1624 1652 Prisci
1658 1626 1747 1652 enm

223 1680 395 1731 scalpellat
436 1679 501 1716 sed
543 1681 661 1717 etiam
701 1680 961 1729 Tan-‹piinium
1000 1679 1228 1731 Superbum
1275 1682 1314 1718 in
1355 1693 1485 1732 pugna
1530 1681 1749 1731 Regillensi

225 1750 354 1798 ipsum
387 1759 530 1797 ecpmm
566 1748 754 1785 insestmn
788 1748 827 1784 in
849 1747 1097 1786 Postumium
1122 1739 1358 1786 dictatorem
1391 1749 1597 1787 admisisse
1630 1754 1669 1787 et
1700 1749 1748 1787 ah

225 1816 348 1853 latere
390 1816 510 1852 ictum
550 1828 635 1853 esse
676 1820 810 1852 narrat
844 1813 897 1864 (ll
933 1814 1004 1859 15),
1037 1812 1082 1866 G)
1126 1820 1309 1867 totusque
1348 1816 1493 1867 pendet
1533 1831 1554 1855 a
1593 1818 1749 1867 uulgari

228 1883 384 1921 l'aludae
408 1882 680 1931 chronologia.
719 1883 906 1921 similiter
929 1883 1116 1921 ‹nnnihus
1148 1884 1300 1934 primae
1324 1883 1484 1922 decadis
1516 1884 1627 1929 locis,
1661 1886 1747 1935 qui-

230 1951 301 1988 hus
335 1950 568 1988 nominatim
602 1950 784 1988 Pisonem
819 1950 960 1993 adfert,
996 1952 1046 1988 ita
1081 1950 1275 2001 loquitur,
1311 1956 1351 1990 ut
1383 1953 1495 2002 quasi
1529 1953 1567 1990 in
1601 1965 1747 2003 appen-

226 2018 313 2056 dice
347 2018 408 2055 ιιι-Ι
444 2019 481 2055 in
517 2018 742 2068 parenthesi
778 2019 863 2055 eius
896 2017 1019 2055 uerha
1042 2018 1190 2056 adnexa
1223 2031 1308 2057 esse
1340 2019 1558 2064 uideamus,
1591 2024 1629 2057 et
1651 2032 1750 2070 qnae

226 2086 326 2136 apud
363 2085 517 2123 Liuium
551 2085 759 2123 Pisoniana
792 2098 876 2123 esse
910 2086 998 2123 aliis
1030 2086 1129 2123 locis·
1162 2088 1390 2137 conparatis
1421 2088 1581 2130 scimus,
1614 2087 1748 2125 eadem

229 2155 370 2203 partim
412 2159 477 2191 aut
522 2155 667 2191 inserta
707 2159 797 2190 sunt.
839 2159 872 2190 ut
920 2153 1153 2190 retvtlanoo·
1194 2152 1296 2198 (uid.
1331 2154 1418 2192 adn.
1453 2154 1498 2192 ad
1538 2156 1587 2193 fr.
1623 2151 1674 2193 15
1713 2159 1750 2193 et

229 2221 313 2258 Lin.
351 2221 360 2258 l
398 2218 462 2265 18,
495 2218 520 2257 2
552 2220 655 2258 conl.
681 2222 729 2258 l'r.
758 2219 819 2270 11)
855 2226 920 2258 aut
953 2232 1022 2270 per
1056 2220 1177 2257 uerba
1210 2226 1301 2260 sunl
1331 2223 1401 2270 qui
1429 2227 1628 2261 extremae
1661 2234 1748 2260 nar-

230 2290 373 2325 rationi
396 2288 576 2325 hrvuiter
595 2288 780 2339 adspersa
804 2288 962 2337 (adn.ad
984 2285 1070 2325 1”ι·.5
1088 2293 1125 2325 et
1144 2286 1226 2336 23).
1260 2292 1367 2334 Quae
1389 2301 1478 2327 cum
1502 2291 1554 2328 ita
1577 2291 1668 2333 sint,
1690 2291 1748 2328 in-

228 2362 361 2394 certus
385 2356 541 2399 haereo,
577 2368 683 2399 mun,
719 2355 785 2393 uhi
811 2357 849 2393 in
873 2356 1065 2393 orationis
1089 2361 1226 2393 tenore
1257 2357 1394 2395 Liuius
1417 2358 1638 2397 consentiat
1660 2369 1750 2395 cum

231 2424 386 2465 Pisone,
411 2435 499 2461 eum
524 2436 762 2461 consensum
783 2435 826 2460 vx
852 2425 935 2474 ipso
954 2422 1095 2460 Pisone
1119 2422 1300 2461 adhibito
1323 2429 1453 2462 ortum
1476 2421 1649 2473 di‹:am.²)
1683 2425 1750 2462 ho-

232 2504 316 2529 rum
339 2491 516 2529 locorum
538 2491 731 2542 plurimos
752 2492 825 2528 iam
848 2492 885 2528 in
903 2490 1158 2529 adnotatione
1174 2490 1234 2539 (ad
1255 2488 1354 2530 Ι“ι·.6.
1370 2488 1748 2541 1319222527)

324 2681 346 2722 1)
373 2683 601 2723 Quamquam
628 2681 756 2713 Liuius
783 2682 817 2712 in
844 2681 959 2722 praef.
986 2682 1005 2711 (5
1038 2681 1105 2712 hoe
1132 2680 1323 2713 consilinm
1355 2691 1458 2712 suum
1486 2681 1600 2713 fuisse
1628 2680 1673 2713 de
1700 2681 1752 2713 eis

232 2741 371 2769 tantum
399 2739 500 2770 modo
526 2739 633 2770 rebus
660 2738 865 2780 profitetur,
897 2747 991 2778 quae
1025 2739 1135 2768 ‘ante
1162 2737 1346 2769 conditam
1374 2737 1668 2770 condendamue'
1695 2747 1752 2769 ur-

231 2795 309 2826 bem
339 2794 460 2826 saetae
489 2805 569 2827 esse
593 2794 811 2834 dicerentur,
837 2793 931 2825 idem
951 2796 1071 2824 tamen
1090 2792 1188 2825 cadit
1215 2794 1251 2824 in
1276 2794 1448 2826 maiorem
1473 2793 1645 2825 librorum
1671 2803 1752 2835 par-

232 2853 315 2882 tem.
364 2861 512 2891 perraro
539 2851 632 2882 enim
661 2851 735 2881 acri
762 2849 898 2882 iudicio
925 2851 961 2881 in
987 2849 1095 2881 rebus
1120 2849 1366 2882 diiudicandis
1392 2859 1477 2882 usus
1504 2851 1570 2881 est.

323 2906 349 2947 2)
376 2907 496 2938 Etiam
522 2907 671 2939 Nitzsch
698 2907 733 2939 in
765 2916 854 2940 mus.
879 2905 993 2938 Rheu.
1020 2916 1053 2938 n.
1077 2905 1201 2937 XXIII
1231 2909 1267 2939 et
1299 2905 1456 2947 XXIIII,
1482 2906 1545 2938 ubi
1577 2904 1619 2937 de
1645 2904 1751 2937 Liuio
