<?xml version="1.0" encoding="UTF-8"?>
<!DOCTYPE html PUBLIC "-//W3C//DTD XHTML 1.0 Transitional//EN"
    "http://www.w3.org/TR/xhtml1/DTD/xhtml1-transitional.dtd">
<html xmlns="http://www.w3.org/1999/xhtml" xml:lang="en" lang="en">
 <head>
  <title>
</title>
<meta http-equiv="Content-Type" content="text/html;charset=utf-8" />
  <meta name='ocr-system' content='tesseract 3.04.00' />
  <meta name='ocr-capabilities' content='ocr_page ocr_carea ocr_par ocr_line ocrx_word'/>
</head>
<body>
  <div class='ocr_page' id='page_1' title='image "./veterumhistorico01peteuoft_0330.png"; bbox 0 0 1884 3213; ppageno 0'>
   <div class='ocr_carea' id='block_1_1' title="bbox 245 195 1495 243">
    <p class='ocr_par' dir='ltr' id='par_1_1' title="bbox 245 195 1495 243">
     <span class='ocr_line' id='line_1_1' title="bbox 245 195 1495 243; baseline -0.002 -10"><span class='ocrx_word' id='word_1_1' title='bbox 245 212 375 243; x_wconf 49' lang='lat' dir='ltr'>(TCVI</span> <span class='ocrx_word' id='word_1_2' title='bbox 606 198 671 231; x_wconf 88' lang='lat' dir='ltr'>DE</span> <span class='ocrx_word' id='word_1_3' title='bbox 698 197 1009 232; x_wconf 83' lang='lat' dir='ltr'>SCRIPTORVM</span> <span class='ocrx_word' id='word_1_4' title='bbox 1033 197 1161 231; x_wconf 79' lang='lat' dir='ltr'>VITIS</span> <span class='ocrx_word' id='word_1_5' title='bbox 1188 197 1249 230; x_wconf 89' lang='lat' dir='ltr'>ET</span> <span class='ocrx_word' id='word_1_6' title='bbox 1277 195 1495 230; x_wconf 84' lang='lat' dir='ltr'>SCRIPTIS</span> 
     </span>
    </p>
   </div>
   <div class='ocr_carea' id='block_1_2' title="bbox 244 312 1775 2060">
    <p class='ocr_par' dir='ltr' id='par_1_2' title="bbox 245 312 1773 433">
     <span class='ocr_line' id='line_1_2' title="bbox 245 312 1773 364; baseline -0.003 -9"><span class='ocrx_word' id='word_1_7' title='bbox 245 330 334 355; x_wconf 87' lang='lat' dir='ltr'>eum</span> <span class='ocrx_word' id='word_1_8' title='bbox 368 329 445 354; x_wconf 87' lang='lat' dir='ltr'>nou</span> <span class='ocrx_word' id='word_1_9' title='bbox 478 315 665 354; x_wconf 87' lang='lat' dir='ltr'>clientem</span> <span class='ocrx_word' id='word_1_10' title='bbox 698 313 967 357; x_wconf 78' lang='lat' dir='ltr'>Valeriorum,</span> <span class='ocrx_word' id='word_1_11' title='bbox 1001 325 1100 364; x_wconf 87' lang='lat' dir='ltr'>quae</span> <span class='ocrx_word' id='word_1_12' title='bbox 1133 312 1381 363; x_wconf 85' lang='lat' dir='ltr'>quorundam</span> <span class='ocrx_word' id='word_1_13' title='bbox 1413 313 1488 351; x_wconf 85' lang='lat' dir='ltr'>suit</span> <span class='ocrx_word' id='word_1_14' title='bbox 1520 313 1669 363; x_wconf 90' lang='lat' dir='ltr'>opinio,</span> <span class='ocrx_word' id='word_1_15' title='bbox 1705 312 1773 351; x_wconf 84' lang='lat' dir='ltr'>sed</span> 
     </span>
     <span class='ocr_line' id='line_1_3' title="bbox 248 377 1511 433; baseline -0.001 -13"><span class='ocrx_word' id='word_1_16' title='bbox 248 396 385 423; x_wconf 79' lang='lat' dir='ltr'>eorum</span> <span class='ocrx_word' id='word_1_17' title='bbox 417 383 606 433; x_wconf 75' lang='lat' dir='ltr'><strong>gentilem</strong></span> <span class='ocrx_word' id='word_1_18' title='bbox 640 384 851 432; x_wconf 86' lang='lat' dir='ltr'>ciuemque</span> <span class='ocrx_word' id='word_1_19' title='bbox 884 380 1105 419; x_wconf 86' lang='lat' dir='ltr'>Romanum</span> <span class='ocrx_word' id='word_1_20' title='bbox 1137 381 1261 419; x_wconf 85' lang='lat' dir='ltr'>fuisse</span> <span class='ocrx_word' id='word_1_21' title='bbox 1293 377 1511 432; x_wconf 87' lang='lat' dir='ltr'>adparet.¹)</span> 
     </span>
    </p>

    <p class='ocr_par' dir='ltr' id='par_1_3' title="bbox 244 448 1775 1589">
     <span class='ocr_line' id='line_1_4' title="bbox 358 448 1772 502; baseline -0.003 -12"><span class='ocrx_word' id='word_1_22' title='bbox 358 452 493 502; x_wconf 81' lang='lat' dir='ltr'>Itaque</span> <span class='ocrx_word' id='word_1_23' title='bbox 526 450 647 489; x_wconf 91' lang='lat' dir='ltr'>rehus</span> <span class='ocrx_word' id='word_1_24' title='bbox 678 450 801 500; x_wconf 85' lang='lat' dir='ltr'>gestis</span> <span class='ocrx_word' id='word_1_25' title='bbox 833 449 919 486; x_wconf 85' lang='lat' dir='ltr'>cius</span> <span class='ocrx_word' id='word_1_26' title='bbox 951 460 1096 487; x_wconf 89' lang='lat' dir='ltr'>nomen</span> <span class='ocrx_word' id='word_1_27' title='bbox 1118 460 1197 487; x_wconf 92' lang='lat' dir='ltr'>non</span> <span class='ocrx_word' id='word_1_28' title='bbox 1220 448 1429 494; x_wconf 87' lang='lat' dir='ltr'>inclaruit,</span> <span class='ocrx_word' id='word_1_29' title='bbox 1463 449 1655 487; x_wconf 87' lang='lat' dir='ltr'>memoria</span> <span class='ocrx_word' id='word_1_30' title='bbox 1679 461 1772 487; x_wconf 88' lang='lat' dir='ltr'>con—</span> 
     </span>
     <span class='ocr_line' id='line_1_5' title="bbox 245 515 1772 569; baseline -0.003 -12"><span class='ocrx_word' id='word_1_31' title='bbox 245 521 396 558; x_wconf 87' lang='lat' dir='ltr'>tinetur</span> <span class='ocrx_word' id='word_1_32' title='bbox 428 518 565 563; x_wconf 88' lang='lat' dir='ltr'>libris,</span> <span class='ocrx_word' id='word_1_33' title='bbox 606 519 673 569; x_wconf 89' lang='lat' dir='ltr'>qui</span> <span class='ocrx_word' id='word_1_34' title='bbox 709 522 775 556; x_wconf 92' lang='lat' dir='ltr'>aut</span> <span class='ocrx_word' id='word_1_35' title='bbox 806 516 1062 554; x_wconf 78' lang='lat' dir='ltr'>historiae</span> <span class='ocrx_word' id='word_1_36' title='bbox 1095 520 1161 554; x_wconf 89' lang='lat' dir='ltr'>aut</span> <span class='ocrx_word' id='word_1_37' title='bbox 1193 516 1399 554; x_wconf 89' lang='lat' dir='ltr'>annales</span> <span class='ocrx_word' id='word_1_38' title='bbox 1432 515 1772 555; x_wconf 79' lang='lat' dir='ltr'>inscribebantur.</span> 
     </span>
     <span class='ocr_line' id='line_1_6' title="bbox 245 582 1773 638; baseline -0.002 -13"><span class='ocrx_word' id='word_1_39' title='bbox 245 600 291 625; x_wconf 80' lang='lat' dir='ltr'>ex</span> <span class='ocrx_word' id='word_1_40' title='bbox 324 592 511 638; x_wconf 84' lang='lat' dir='ltr'>quattuor</span> <span class='ocrx_word' id='word_1_41' title='bbox 534 588 640 625; x_wconf 91' lang='lat' dir='ltr'>enim</span> <span class='ocrx_word' id='word_1_42' title='bbox 674 586 792 629; x_wconf 90' lang='lat' dir='ltr'>locis,</span> <span class='ocrx_word' id='word_1_43' title='bbox 826 583 972 635; x_wconf 85' lang='lat' dir='ltr'>quibus</span> <span class='ocrx_word' id='word_1_44' title='bbox 1003 583 1188 622; x_wconf 85' lang='lat' dir='ltr'>adcurate</span> <span class='ocrx_word' id='word_1_45' title='bbox 1212 585 1366 622; x_wconf 88' lang='lat' dir='ltr'>auctori</span> <span class='ocrx_word' id='word_1_46' title='bbox 1398 582 1501 622; x_wconf 88' lang='lat' dir='ltr'>liber</span> <span class='ocrx_word' id='word_1_47' title='bbox 1524 583 1681 622; x_wconf 88' lang='lat' dir='ltr'>additus</span> <span class='ocrx_word' id='word_1_48' title='bbox 1703 589 1773 627; x_wconf 87' lang='lat' dir='ltr'>est,</span> 
     </span>
     <span class='ocr_line' id='line_1_7' title="bbox 245 648 1773 703; baseline -0.003 -9"><span class='ocrx_word' id='word_1_49' title='bbox 245 657 322 694; x_wconf 86' lang='lat' dir='ltr'>duo</span> <span class='ocrx_word' id='word_1_50' title='bbox 355 656 455 694; x_wconf 88' lang='lat' dir='ltr'>hanc</span> <span class='ocrx_word' id='word_1_51' title='bbox 490 653 628 703; x_wconf 52' lang='lat' dir='ltr'>(Prisc.</span> <span class='ocrx_word' id='word_1_52' title='bbox 663 654 712 691; x_wconf 82' lang='lat' dir='ltr'>fr.</span> <span class='ocrx_word' id='word_1_53' title='bbox 749 650 811 690; x_wconf 97' lang='lat'>16.</span> <span class='ocrx_word' id='word_1_54' title='bbox 848 651 961 701; x_wconf 13' lang='lat' dir='ltr'>„NGelt</span> <span class='ocrx_word' id='word_1_55' title='bbox 995 649 1077 703; x_wconf 87' lang='lat'>60),</span> <span class='ocrx_word' id='word_1_56' title='bbox 1111 651 1188 690; x_wconf 87' lang='lat' dir='ltr'>‹luo</span> <span class='ocrx_word' id='word_1_57' title='bbox 1222 651 1329 690; x_wconf 89' lang='lat' dir='ltr'>illam</span> <span class='ocrx_word' id='word_1_58' title='bbox 1363 651 1474 700; x_wconf 82' lang='lat' dir='ltr'>(Geli.</span> <span class='ocrx_word' id='word_1_59' title='bbox 1505 649 1572 690; x_wconf 80' lang='lat'>57.</span> <span class='ocrx_word' id='word_1_60' title='bbox 1605 648 1672 702; x_wconf 81' lang='grc'>62)</span> <span class='ocrx_word' id='word_1_61' title='bbox 1716 652 1773 689; x_wconf 90' lang='grc'>111-</span> 
     </span>
     <span class='ocr_line' id='line_1_8' title="bbox 245 719 1773 774; baseline -0.003 -12"><span class='ocrx_word' id='word_1_62' title='bbox 245 725 506 774; x_wconf 70' lang='lat' dir='ltr'>scriptionem</span> <span class='ocrx_word' id='word_1_63' title='bbox 555 721 756 761; x_wconf 78' lang='lat' dir='ltr'>exhibent.</span> <span class='ocrx_word' id='word_1_64' title='bbox 833 719 929 758; x_wconf 88' lang='lat' dir='ltr'>libri</span> <span class='ocrx_word' id='word_1_65' title='bbox 975 721 1185 758; x_wconf 89' lang='lat' dir='ltr'>minimum</span> <span class='ocrx_word' id='word_1_66' title='bbox 1240 721 1402 758; x_wconf 91' lang='lat' dir='ltr'>suerunt</span> <span class='ocrx_word' id='word_1_67' title='bbox 1447 720 1773 770; x_wconf 78' lang='lat' dir='ltr'>septuaginta</span> 
     </span>
     <span class='ocr_line' id='line_1_9' title="bbox 245 785 1770 842; baseline -0.004 -12"><span class='ocrx_word' id='word_1_68' title='bbox 245 794 467 842; x_wconf 89' lang='lat' dir='ltr'>quinque</span> <span class='ocrx_word' id='word_1_69' title='bbox 502 789 564 838; x_wconf 65' lang='lat' dir='ltr'>(Jl&#39;r.</span> <span class='ocrx_word' id='word_1_70' title='bbox 598 786 681 840; x_wconf 77' lang='grc'>62),</span> <span class='ocrx_word' id='word_1_71' title='bbox 715 789 761 827; x_wconf 84' lang='lat' dir='ltr'>de</span> <span class='ocrx_word' id='word_1_72' title='bbox 793 800 870 839; x_wconf 92' lang='lat' dir='ltr'>quo</span> <span class='ocrx_word' id='word_1_73' title='bbox 903 800 1070 826; x_wconf 88' lang='lat' dir='ltr'>numero</span> <span class='ocrx_word' id='word_1_74' title='bbox 1103 800 1122 825; x_wconf 92' lang='lat' dir='ltr'>a</span> <span class='ocrx_word' id='word_1_75' title='bbox 1156 787 1283 826; x_wconf 88' lang='lat' dir='ltr'>Gellio</span> <span class='ocrx_word' id='word_1_76' title='bbox 1316 787 1461 825; x_wconf 86' lang='lat' dir='ltr'>tradito</span> <span class='ocrx_word' id='word_1_77' title='bbox 1494 799 1571 825; x_wconf 90' lang='lat' dir='ltr'>non</span> <span class='ocrx_word' id='word_1_78' title='bbox 1603 785 1770 825; x_wconf 76' lang='lat' dir='ltr'>debebat</span> 
     </span>
     <span class='ocr_line' id='line_1_10' title="bbox 246 853 1774 908; baseline -0.004 -11"><span class='ocrx_word' id='word_1_79' title='bbox 246 859 427 899; x_wconf 85' lang='lat' dir='ltr'>dubitare</span> <span class='ocrx_word' id='word_1_80' title='bbox 451 858 619 897; x_wconf 77' lang='lat' dir='ltr'>Gerlach</span> <span class='ocrx_word' id='word_1_81' title='bbox 653 855 703 908; x_wconf 74' lang='lat' dir='ltr'>(p.</span> <span class='ocrx_word' id='word_1_82' title='bbox 728 853 808 906; x_wconf 55' lang='lat'>86),</span> <span class='ocrx_word' id='word_1_83' title='bbox 842 856 1030 905; x_wconf 88' lang='lat' dir='ltr'>quoniam</span> <span class='ocrx_word' id='word_1_84' title='bbox 1053 856 1172 893; x_wconf 84' lang='lat' dir='ltr'>etiam</span> <span class='ocrx_word' id='word_1_85' title='bbox 1205 854 1297 892; x_wconf 89' lang='lat' dir='ltr'>libri</span> <span class='ocrx_word' id='word_1_86' title='bbox 1331 856 1614 906; x_wconf 74' lang='lat' dir='ltr'>septuagesimi</span> <span class='ocrx_word' id='word_1_87' title='bbox 1645 855 1774 905; x_wconf 88' lang='lat' dir='ltr'>quarti</span> 
     </span>
     <span class='ocr_line' id='line_1_11' title="bbox 245 919 1774 978; baseline -0.005 -12"><span class='ocrx_word' id='word_1_88' title='bbox 245 927 369 965; x_wconf 85' lang='lat' dir='ltr'>uerba</span> <span class='ocrx_word' id='word_1_89' title='bbox 401 926 593 978; x_wconf 82' lang='lat' dir='ltr'>quaedam</span> <span class='ocrx_word' id='word_1_90' title='bbox 627 924 804 963; x_wconf 90' lang='lat' dir='ltr'>seruauit</span> <span class='ocrx_word' id='word_1_91' title='bbox 836 922 1065 961; x_wconf 75' lang='lat' dir='ltr'>Priscianus</span> <span class='ocrx_word' id='word_1_92' title='bbox 1099 920 1161 972; x_wconf 78' lang='lat' dir='ltr'>(fr.</span> <span class='ocrx_word' id='word_1_93' title='bbox 1195 919 1277 973; x_wconf 69' lang='lat'>61).</span> <span class='ocrx_word' id='word_1_94' title='bbox 1325 922 1421 960; x_wconf 85' lang='lat' dir='ltr'>Cum</span> <span class='ocrx_word' id='word_1_95' title='bbox 1453 934 1550 960; x_wconf 89' lang='lat' dir='ltr'>uero</span> <span class='ocrx_word' id='word_1_96' title='bbox 1582 922 1651 972; x_wconf 86' lang='lat' dir='ltr'>qui</span> <span class='ocrx_word' id='word_1_97' title='bbox 1684 926 1774 959; x_wconf 87' lang='lat' dir='ltr'>ante</span> 
     </span>
     <span class='ocr_line' id='line_1_12' title="bbox 246 989 1774 1045; baseline -0.005 -11"><span class='ocrx_word' id='word_1_98' title='bbox 246 1009 335 1033; x_wconf 83' lang='lat' dir='ltr'>eum</span> <span class='ocrx_word' id='word_1_99' title='bbox 376 996 594 1045; x_wconf 77' lang='lat' dir='ltr'>scripsere,</span> <span class='ocrx_word' id='word_1_100' title='bbox 637 993 713 1030; x_wconf 89' lang='lat' dir='ltr'>iam</span> <span class='ocrx_word' id='word_1_101' title='bbox 753 990 1032 1029; x_wconf 83' lang='lat' dir='ltr'>discessissent</span> <span class='ocrx_word' id='word_1_102' title='bbox 1072 989 1119 1028; x_wconf 89' lang='lat' dir='ltr'>ab</span> <span class='ocrx_word' id='word_1_103' title='bbox 1160 990 1228 1028; x_wconf 91' lang='lat' dir='ltr'>illo</span> <span class='ocrx_word' id='word_1_104' title='bbox 1268 995 1450 1028; x_wconf 88' lang='lat' dir='ltr'>ueterum</span> <span class='ocrx_word' id='word_1_105' title='bbox 1490 989 1774 1028; x_wconf 90' lang='lat' dir='ltr'>historicorum</span> 
     </span>
     <span class='ocr_line' id='line_1_13' title="bbox 246 1057 1774 1108; baseline -0.005 -6"><span class='ocrx_word' id='word_1_106' title='bbox 246 1076 354 1101; x_wconf 85' lang='lat' dir='ltr'>more</span> <span class='ocrx_word' id='word_1_107' title='bbox 388 1075 451 1101; x_wconf 88' lang='lat' dir='ltr'>res</span> <span class='ocrx_word' id='word_1_108' title='bbox 482 1062 679 1100; x_wconf 87' lang='lat' dir='ltr'>Romanas</span> <span class='ocrx_word' id='word_1_109' title='bbox 719 1058 767 1097; x_wconf 87' lang='lat' dir='ltr'>ab</span> <span class='ocrx_word' id='word_1_110' title='bbox 809 1057 920 1096; x_wconf 87' lang='lat' dir='ltr'>urbis</span> <span class='ocrx_word' id='word_1_111' title='bbox 965 1059 1079 1096; x_wconf 86' lang='lat' dir='ltr'>initio</span> <span class='ocrx_word' id='word_1_112' title='bbox 1123 1057 1346 1095; x_wconf 90' lang='lat' dir='ltr'>deducendi</span> <span class='ocrx_word' id='word_1_113' title='bbox 1386 1062 1423 1095; x_wconf 91' lang='lat' dir='ltr'>et</span> <span class='ocrx_word' id='word_1_114' title='bbox 1464 1061 1619 1108; x_wconf 86' lang='lat' dir='ltr'>partem</span> <span class='ocrx_word' id='word_1_115' title='bbox 1650 1068 1774 1108; x_wconf 87' lang='lat' dir='ltr'>quan-</span> 
     </span>
     <span class='ocr_line' id='line_1_14' title="bbox 247 1124 1773 1183; baseline -0.004 -15"><span class='ocrx_word' id='word_1_116' title='bbox 247 1132 355 1173; x_wconf 81' lang='lat' dir='ltr'>dam,</span> <span class='ocrx_word' id='word_1_117' title='bbox 389 1142 506 1183; x_wconf 86' lang='lat' dir='ltr'>quam</span> <span class='ocrx_word' id='word_1_118' title='bbox 533 1128 677 1167; x_wconf 89' lang='lat' dir='ltr'>melius</span> <span class='ocrx_word' id='word_1_119' title='bbox 710 1130 891 1169; x_wconf 83' lang='lat' dir='ltr'>nossent,</span> <span class='ocrx_word' id='word_1_120' title='bbox 926 1124 1171 1163; x_wconf 89' lang='lat' dir='ltr'>tractandam</span> <span class='ocrx_word' id='word_1_121' title='bbox 1202 1126 1491 1176; x_wconf 83' lang='lat' dir='ltr'>suscepissent,</span> <span class='ocrx_word' id='word_1_122' title='bbox 1524 1124 1589 1163; x_wconf 90' lang='lat' dir='ltr'>hic</span> <span class='ocrx_word' id='word_1_123' title='bbox 1622 1124 1669 1162; x_wconf 88' lang='lat' dir='ltr'>ad</span> <span class='ocrx_word' id='word_1_124' title='bbox 1691 1125 1773 1175; x_wconf 90' lang='lat' dir='ltr'>pri-</span> 
     </span>
     <span class='ocr_line' id='line_1_15' title="bbox 246 1192 1774 1244; baseline -0.005 -6"><span class='ocrx_word' id='word_1_125' title='bbox 246 1211 353 1238; x_wconf 84' lang='lat' dir='ltr'>scam</span> <span class='ocrx_word' id='word_1_126' title='bbox 388 1199 495 1237; x_wconf 86' lang='lat' dir='ltr'>illam</span> <span class='ocrx_word' id='word_1_127' title='bbox 529 1198 726 1234; x_wconf 87' lang='lat' dir='ltr'>rationem</span> <span class='ocrx_word' id='word_1_128' title='bbox 759 1205 966 1243; x_wconf 78' lang='lat' dir='ltr'>regressus</span> <span class='ocrx_word' id='word_1_129' title='bbox 998 1194 1117 1231; x_wconf 89' lang='lat' dir='ltr'>etiam</span> <span class='ocrx_word' id='word_1_130' title='bbox 1149 1205 1193 1231; x_wconf 89' lang='lat' dir='ltr'>ea</span> <span class='ocrx_word' id='word_1_131' title='bbox 1228 1198 1418 1244; x_wconf 89' lang='lat' dir='ltr'>tempora,</span> <span class='ocrx_word' id='word_1_132' title='bbox 1452 1205 1551 1243; x_wconf 90' lang='lat' dir='ltr'>quae</span> <span class='ocrx_word' id='word_1_133' title='bbox 1583 1192 1774 1230; x_wconf 79' lang='lat' dir='ltr'>historiae</span> 
     </span>
     <span class='ocr_line' id='line_1_16' title="bbox 246 1259 1772 1311; baseline -0.007 -5"><span class='ocrx_word' id='word_1_134' title='bbox 246 1269 333 1306; x_wconf 88' lang='lat' dir='ltr'>luce</span> <span class='ocrx_word' id='word_1_135' title='bbox 374 1270 557 1306; x_wconf 84' lang='lat' dir='ltr'>carerent</span> <span class='ocrx_word' id='word_1_136' title='bbox 596 1270 633 1302; x_wconf 88' lang='lat' dir='ltr'>et</span> <span class='ocrx_word' id='word_1_137' title='bbox 673 1267 762 1301; x_wconf 89' lang='lat' dir='ltr'>ante</span> <span class='ocrx_word' id='word_1_138' title='bbox 806 1273 896 1300; x_wconf 90' lang='lat' dir='ltr'>eum</span> <span class='ocrx_word' id='word_1_139' title='bbox 935 1262 1074 1311; x_wconf 84' lang='lat' dir='ltr'>paucis</span> <span class='ocrx_word' id='word_1_140' title='bbox 1120 1265 1158 1298; x_wconf 91' lang='lat' dir='ltr'>et</span> <span class='ocrx_word' id='word_1_141' title='bbox 1200 1261 1347 1298; x_wconf 88' lang='lat' dir='ltr'>ieiunis</span> <span class='ocrx_word' id='word_1_142' title='bbox 1392 1259 1530 1299; x_wconf 89' lang='lat' dir='ltr'>uerbis</span> <span class='ocrx_word' id='word_1_143' title='bbox 1576 1259 1772 1310; x_wconf 86' lang='lat' dir='ltr'>descripta</span> 
     </span>
     <span class='ocr_line' id='line_1_17' title="bbox 245 1327 1774 1385; baseline -0.007 -11"><span class='ocrx_word' id='word_1_144' title='bbox 245 1340 397 1378; x_wconf 83' lang='lat' dir='ltr'>essent,</span> <span class='ocrx_word' id='word_1_145' title='bbox 431 1334 592 1385; x_wconf 88' lang='lat' dir='ltr'>copiosa</span> <span class='ocrx_word' id='word_1_146' title='bbox 623 1336 660 1370; x_wconf 86' lang='lat' dir='ltr'>et</span> <span class='ocrx_word' id='word_1_147' title='bbox 692 1332 780 1370; x_wconf 87' lang='lat' dir='ltr'>susa</span> <span class='ocrx_word' id='word_1_148' title='bbox 812 1330 1040 1367; x_wconf 88' lang='lat' dir='ltr'>narratione</span> <span class='ocrx_word' id='word_1_149' title='bbox 1073 1327 1287 1366; x_wconf 88' lang='lat' dir='ltr'>inlustrare</span> <span class='ocrx_word' id='word_1_150' title='bbox 1319 1332 1485 1366; x_wconf 89' lang='lat' dir='ltr'>conatus</span> <span class='ocrx_word' id='word_1_151' title='bbox 1517 1333 1587 1365; x_wconf 91' lang='lat' dir='ltr'>est.</span> <span class='ocrx_word' id='word_1_152' title='bbox 1642 1328 1774 1378; x_wconf 87' lang='lat' dir='ltr'>itaque</span> 
     </span>
     <span class='ocr_line' id='line_1_18' title="bbox 244 1392 1772 1447; baseline -0.005 -7"><span class='ocrx_word' id='word_1_153' title='bbox 244 1403 369 1441; x_wconf 82' lang='lat' dir='ltr'>altero</span> <span class='ocrx_word' id='word_1_154' title='bbox 410 1401 515 1440; x_wconf 90' lang='lat' dir='ltr'>libro</span> <span class='ocrx_word' id='word_1_155' title='bbox 554 1400 601 1439; x_wconf 85' lang='lat' dir='ltr'>ad</span> <span class='ocrx_word' id='word_1_156' title='bbox 632 1399 799 1437; x_wconf 89' lang='lat' dir='ltr'>Numam</span> <span class='ocrx_word' id='word_1_157' title='bbox 838 1401 1078 1447; x_wconf 89' lang='lat' dir='ltr'>peruenerat</span> <span class='ocrx_word' id='word_1_158' title='bbox 1112 1393 1174 1443; x_wconf 87' lang='lat' dir='ltr'>(fr.</span> <span class='ocrx_word' id='word_1_159' title='bbox 1206 1392 1297 1446; x_wconf 81' lang='grc'>56),</span> <span class='ocrx_word' id='word_1_160' title='bbox 1338 1396 1530 1433; x_wconf 88' lang='lat' dir='ltr'>uicesimo</span> <span class='ocrx_word' id='word_1_161' title='bbox 1569 1395 1694 1433; x_wconf 87' lang='lat' dir='ltr'>altero</span> <span class='ocrx_word' id='word_1_162' title='bbox 1727 1394 1772 1432; x_wconf 87' lang='lat' dir='ltr'>ad</span> 
     </span>
     <span class='ocr_line' id='line_1_19' title="bbox 245 1461 1775 1518; baseline -0.007 -10"><span class='ocrx_word' id='word_1_163' title='bbox 245 1484 279 1508; x_wconf 90' lang='lat' dir='ltr'>a.</span> <span class='ocrx_word' id='word_1_164' title='bbox 318 1468 409 1508; x_wconf 73' lang='lat'>136.</span> <span class='ocrx_word' id='word_1_165' title='bbox 442 1465 588 1518; x_wconf 75' lang='lat'>618²),</span> <span class='ocrx_word' id='word_1_166' title='bbox 630 1467 776 1505; x_wconf 88' lang='lat' dir='ltr'>ceteris</span> <span class='ocrx_word' id='word_1_167' title='bbox 816 1463 938 1502; x_wconf 88' lang='lat' dir='ltr'>rebus</span> <span class='ocrx_word' id='word_1_168' title='bbox 969 1464 1179 1501; x_wconf 89' lang='lat' dir='ltr'>minimum</span> <span class='ocrx_word' id='word_1_169' title='bbox 1219 1463 1505 1513; x_wconf 82' lang='lat' dir='ltr'>quinquaginta</span> <span class='ocrx_word' id='word_1_170' title='bbox 1537 1468 1617 1501; x_wconf 89' lang='lat' dir='ltr'>tres</span> <span class='ocrx_word' id='word_1_171' title='bbox 1649 1461 1775 1500; x_wconf 86' lang='lat' dir='ltr'>libros</span> 
     </span>
     <span class='ocr_line' id='line_1_20' title="bbox 247 1530 1502 1589; baseline -0.006 -14"><span class='ocrx_word' id='word_1_172' title='bbox 247 1538 443 1589; x_wconf 83' lang='lat' dir='ltr'>expleuit,</span> <span class='ocrx_word' id='word_1_173' title='bbox 479 1536 614 1586; x_wconf 88' lang='lat' dir='ltr'>plures</span> <span class='ocrx_word' id='word_1_174' title='bbox 646 1546 762 1585; x_wconf 88' lang='lat' dir='ltr'>quam</span> <span class='ocrx_word' id='word_1_175' title='bbox 794 1532 934 1569; x_wconf 87' lang='lat' dir='ltr'>Liuius</span> <span class='ocrx_word' id='word_1_176' title='bbox 966 1530 1103 1569; x_wconf 91' lang='lat' dir='ltr'>eodem</span> <span class='ocrx_word' id='word_1_177' title='bbox 1139 1532 1331 1581; x_wconf 86' lang='lat' dir='ltr'>temporis</span> <span class='ocrx_word' id='word_1_178' title='bbox 1362 1531 1502 1580; x_wconf 88' lang='lat' dir='ltr'>spatio.</span> 
     </span>
    </p>

    <p class='ocr_par' dir='ltr' id='par_1_4' title="bbox 246 1596 1773 2060">
     <span class='ocr_line' id='line_1_21' title="bbox 359 1596 1772 1646; baseline -0.006 -3"><span class='ocrx_word' id='word_1_179' title='bbox 359 1606 520 1643; x_wconf 87' lang='lat' dir='ltr'>Genus</span> <span class='ocrx_word' id='word_1_180' title='bbox 559 1599 826 1640; x_wconf 86' lang='lat' dir='ltr'>scribendi</span> <span class='ocrx_word' id='word_1_181' title='bbox 867 1599 1124 1636; x_wconf 87' lang='lat' dir='ltr'>inuenustum</span> <span class='ocrx_word' id='word_1_182' title='bbox 1164 1599 1286 1636; x_wconf 85' lang='lat' dir='ltr'>fuisse</span> <span class='ocrx_word' id='word_1_183' title='bbox 1326 1597 1523 1636; x_wconf 87' lang='lat' dir='ltr'>iudicauit</span> <span class='ocrx_word' id='word_1_184' title='bbox 1552 1597 1699 1635; x_wconf 87' lang='lat' dir='ltr'>Fronto</span> <span class='ocrx_word' id='word_1_185' title='bbox 1733 1596 1772 1646; x_wconf 85' lang='lat' dir='ltr'>(l.</span> 
     </span>
     <span class='ocr_line' id='line_1_22' title="bbox 246 1665 1773 1723; baseline -0.006 -12"><span class='ocrx_word' id='word_1_186' title='bbox 246 1687 276 1711; x_wconf 83' lang='lat' dir='ltr'>s.</span> <span class='ocrx_word' id='word_1_187' title='bbox 311 1684 377 1723; x_wconf 58' lang='lat' dir='ltr'>s),</span> <span class='ocrx_word' id='word_1_188' title='bbox 411 1672 533 1722; x_wconf 84' lang='lat' dir='ltr'>prisci</span> <span class='ocrx_word' id='word_1_189' title='bbox 566 1669 762 1708; x_wconf 91' lang='lat' dir='ltr'>sermonis</span> <span class='ocrx_word' id='word_1_190' title='bbox 795 1665 995 1710; x_wconf 86' lang='lat' dir='ltr'>laudator,</span> <span class='ocrx_word' id='word_1_191' title='bbox 1029 1667 1096 1716; x_wconf 86' lang='lat' dir='ltr'>qui</span> <span class='ocrx_word' id='word_1_192' title='bbox 1129 1665 1237 1703; x_wconf 89' lang='lat' dir='ltr'>solus</span> <span class='ocrx_word' id='word_1_193' title='bbox 1268 1665 1368 1703; x_wconf 85' lang='lat' dir='ltr'>hanc</span> <span class='ocrx_word' id='word_1_194' title='bbox 1391 1677 1474 1703; x_wconf 92' lang='lat' dir='ltr'>rem</span> <span class='ocrx_word' id='word_1_195' title='bbox 1497 1666 1650 1715; x_wconf 88' lang='lat' dir='ltr'>tetigit,</span> <span class='ocrx_word' id='word_1_196' title='bbox 1684 1677 1773 1702; x_wconf 81' lang='lat' dir='ltr'>cuni</span> 
     </span>
     <span class='ocr_line' id='line_1_23' title="bbox 246 1732 1771 1787; baseline -0.005 -10"><span class='ocrx_word' id='word_1_197' title='bbox 246 1740 350 1777; x_wconf 86' lang='lat' dir='ltr'>idem</span> <span class='ocrx_word' id='word_1_198' title='bbox 392 1738 542 1777; x_wconf 72' lang='lat' dir='ltr'>Claudii</span> <span class='ocrx_word' id='word_1_199' title='bbox 584 1736 760 1787; x_wconf 90' lang='lat' dir='ltr'>lepidum</span> <span class='ocrx_word' id='word_1_200' title='bbox 801 1734 964 1772; x_wconf 79' lang='lat' dir='ltr'>diceret.</span> <span class='ocrx_word' id='word_1_201' title='bbox 1034 1745 1134 1783; x_wconf 85' lang='lat' dir='ltr'>quae</span> <span class='ocrx_word' id='word_1_202' title='bbox 1178 1732 1423 1771; x_wconf 87' lang='lat' dir='ltr'>iudiciorum</span> <span class='ocrx_word' id='word_1_203' title='bbox 1469 1732 1681 1771; x_wconf 89' lang='lat' dir='ltr'>diuersitas</span> <span class='ocrx_word' id='word_1_204' title='bbox 1720 1733 1771 1770; x_wconf 88' lang='lat' dir='ltr'>ita</span> 
     </span>
     <span class='ocr_line' id='line_1_24' title="bbox 246 1799 1772 1858; baseline -0.005 -15"><span class='ocrx_word' id='word_1_205' title='bbox 246 1806 481 1858; x_wconf 82' lang='lat' dir='ltr'>explicanda</span> <span class='ocrx_word' id='word_1_206' title='bbox 513 1806 609 1849; x_wconf 90' lang='lat' dir='ltr'>erit,</span> <span class='ocrx_word' id='word_1_207' title='bbox 643 1809 685 1841; x_wconf 90' lang='lat' dir='ltr'>ut</span> <span class='ocrx_word' id='word_1_208' title='bbox 715 1801 921 1840; x_wconf 76' lang='lat' dir='ltr'>Claudium</span> <span class='ocrx_word' id='word_1_209' title='bbox 955 1801 1203 1851; x_wconf 80' lang='lat' dir='ltr'>antiquitatis</span> <span class='ocrx_word' id='word_1_210' title='bbox 1235 1802 1275 1839; x_wconf 92' lang='lat' dir='ltr'>in</span> <span class='ocrx_word' id='word_1_211' title='bbox 1308 1800 1521 1838; x_wconf 88' lang='lat' dir='ltr'>scribendo</span> <span class='ocrx_word' id='word_1_212' title='bbox 1553 1799 1772 1837; x_wconf 86' lang='lat' dir='ltr'>studiosum</span> 
     </span>
     <span class='ocr_line' id='line_1_25' title="bbox 247 1867 1771 1917; baseline -0.005 -5"><span class='ocrx_word' id='word_1_213' title='bbox 247 1876 369 1913; x_wconf 86' lang='lat' dir='ltr'>t&#39;uisse</span> <span class='ocrx_word' id='word_1_214' title='bbox 402 1875 687 1914; x_wconf 67' lang='lat' dir='ltr'>existimemus,</span> <span class='ocrx_word' id='word_1_215' title='bbox 720 1869 919 1907; x_wconf 66' lang='lat' dir='ltr'>Valerium</span> <span class='ocrx_word' id='word_1_216' title='bbox 953 1881 1045 1906; x_wconf 86' lang='lat' dir='ltr'>suae</span> <span class='ocrx_word' id='word_1_217' title='bbox 1078 1870 1217 1906; x_wconf 84' lang='lat' dir='ltr'>aetatis</span> <span class='ocrx_word' id='word_1_218' title='bbox 1239 1880 1422 1906; x_wconf 83' lang='lat' dir='ltr'>sermone</span> <span class='ocrx_word' id='word_1_219' title='bbox 1454 1867 1611 1917; x_wconf 86' lang='lat' dir='ltr'>uulgari</span> <span class='ocrx_word' id='word_1_220' title='bbox 1644 1879 1771 1905; x_wconf 90' lang='lat' dir='ltr'>usum.</span> 
     </span>
     <span class='ocr_line' id='line_1_26' title="bbox 247 1935 1773 1992; baseline -0.004 -14"><span class='ocrx_word' id='word_1_221' title='bbox 247 1942 462 1992; x_wconf 86' lang='lat' dir='ltr'>eademque</span> <span class='ocrx_word' id='word_1_222' title='bbox 495 1941 542 1979; x_wconf 87' lang='lat' dir='ltr'>de</span> <span class='ocrx_word' id='word_1_223' title='bbox 565 1951 682 1977; x_wconf 83' lang='lat' dir='ltr'>eausa</span> <span class='ocrx_word' id='word_1_224' title='bbox 715 1938 791 1975; x_wconf 91' lang='lat' dir='ltr'>erit</span> <span class='ocrx_word' id='word_1_225' title='bbox 816 1935 1096 1985; x_wconf 80' lang='lat' dir='ltr'>repetendum,</span> <span class='ocrx_word' id='word_1_226' title='bbox 1130 1936 1233 1985; x_wconf 87' lang='lat' dir='ltr'>quod</span> <span class='ocrx_word' id='word_1_227' title='bbox 1265 1937 1331 1986; x_wconf 88' lang='lat' dir='ltr'>qni</span> <span class='ocrx_word' id='word_1_228' title='bbox 1354 1936 1601 1986; x_wconf 81' lang='lat' dir='ltr'>grammatici</span> <span class='ocrx_word' id='word_1_229' title='bbox 1624 1936 1773 1973; x_wconf 79' lang='lat' dir='ltr'>forinas</span> 
     </span>
     <span class='ocr_line' id='line_1_27' title="bbox 248 2002 1771 2060; baseline -0.005 -14"><span class='ocrx_word' id='word_1_230' title='bbox 248 2011 399 2060; x_wconf 86' lang='lat' dir='ltr'>priscas</span> <span class='ocrx_word' id='word_1_231' title='bbox 430 2013 701 2050; x_wconf 70' lang='lat' dir='ltr'>sectarentur,</span> <span class='ocrx_word' id='word_1_232' title='bbox 734 2003 856 2042; x_wconf 87' lang='lat' dir='ltr'>multa</span> <span class='ocrx_word' id='word_1_233' title='bbox 889 2002 1067 2053; x_wconf 84' lang='lat' dir='ltr'>exempla</span> <span class='ocrx_word' id='word_1_234' title='bbox 1100 2008 1383 2053; x_wconf 85' lang='lat' dir='ltr'>prompserunt</span> <span class='ocrx_word' id='word_1_235' title='bbox 1415 2016 1435 2041; x_wconf 92' lang='lat' dir='ltr'>e</span> <span class='ocrx_word' id='word_1_236' title='bbox 1465 2002 1649 2047; x_wconf 88' lang='lat' dir='ltr'>Claudio,</span> <span class='ocrx_word' id='word_1_237' title='bbox 1682 2014 1771 2053; x_wconf 88' lang='lat' dir='ltr'>per-</span> 
     </span>
    </p>
   </div>
   <div class='ocr_carea' id='block_1_3' title="bbox 246 2165 1772 2941">
    <p class='ocr_par' dir='ltr' id='par_1_5' title="bbox 246 2165 1772 2534">
     <span class='ocr_line' id='line_1_28' title="bbox 337 2165 1771 2214; baseline 0.003 -17"><span class='ocrx_word' id='word_1_238' title='bbox 337 2165 362 2207; x_wconf 92' lang='lat'>¹)</span> <span class='ocrx_word' id='word_1_239' title='bbox 394 2166 463 2206; x_wconf 83' lang='lat' dir='ltr'>Qui</span> <span class='ocrx_word' id='word_1_240' title='bbox 496 2165 604 2207; x_wconf 85' lang='lat' dir='ltr'>uulgo</span> <span class='ocrx_word' id='word_1_241' title='bbox 633 2166 797 2199; x_wconf 83' lang='lat' dir='ltr'>adfertur</span> <span class='ocrx_word' id='word_1_242' title='bbox 827 2168 927 2201; x_wconf 83' lang='lat' dir='ltr'>locus</span> <span class='ocrx_word' id='word_1_243' title='bbox 952 2169 1045 2202; x_wconf 87' lang='lat' dir='ltr'>Plin.</span> <span class='ocrx_word' id='word_1_244' title='bbox 1072 2182 1104 2204; x_wconf 89' lang='lat' dir='ltr'>n.</span> <span class='ocrx_word' id='word_1_245' title='bbox 1130 2171 1162 2203; x_wconf 92' lang='lat' dir='ltr'>h.</span> <span class='ocrx_word' id='word_1_246' title='bbox 1191 2171 1346 2214; x_wconf 82' lang='lat' dir='ltr'>praefat.</span> <span class='ocrx_word' id='word_1_247' title='bbox 1374 2172 1417 2203; x_wconf 77' lang='lat'>24</span> <span class='ocrx_word' id='word_1_248' title='bbox 1447 2170 1493 2202; x_wconf 86' lang='lat' dir='ltr'>ad</span> <span class='ocrx_word' id='word_1_249' title='bbox 1518 2170 1682 2203; x_wconf 81' lang='lat' dir='ltr'>Antiatis</span> <span class='ocrx_word' id='word_1_250' title='bbox 1712 2181 1771 2202; x_wconf 85' lang='lat' dir='ltr'>co-</span> 
     </span>
     <span class='ocr_line' id='line_1_29' title="bbox 247 2221 1771 2269; baseline 0.004 -16"><span class='ocrx_word' id='word_1_251' title='bbox 247 2233 402 2263; x_wconf 78' lang='lat' dir='ltr'>gnomen</span> <span class='ocrx_word' id='word_1_252' title='bbox 426 2221 681 2263; x_wconf 82' lang='lat' dir='ltr'>explicandum</span> <span class='ocrx_word' id='word_1_253' title='bbox 703 2224 981 2257; x_wconf 61' lang='lat' dir='ltr'>Lucum-ationem</span> <span class='ocrx_word' id='word_1_254' title='bbox 1005 2232 1086 2267; x_wconf 76' lang='lat' dir='ltr'>puto</span> <span class='ocrx_word' id='word_1_255' title='bbox 1105 2230 1161 2269; x_wconf 75' lang='lat' dir='ltr'>qni</span> <span class='ocrx_word' id='word_1_256' title='bbox 1179 2229 1303 2259; x_wconf 79' lang='lat' dir='ltr'>Antias</span> <span class='ocrx_word' id='word_1_257' title='bbox 1320 2229 1401 2259; x_wconf 71' lang='lat' dir='ltr'>ciuis</span> <span class='ocrx_word' id='word_1_258' title='bbox 1419 2232 1494 2259; x_wconf 79' lang='lat' dir='ltr'>erac</span> <span class='ocrx_word' id='word_1_259' title='bbox 1518 2232 1550 2258; x_wconf 81' lang='lat' dir='ltr'>et</span> <span class='ocrx_word' id='word_1_260' title='bbox 1575 2227 1771 2259; x_wconf 76' lang='lat' dir='ltr'>uocabatur.</span> 
     </span>
     <span class='ocr_line' id='line_1_30' title="bbox 252 2279 1771 2325; baseline 0.003 -16"><span class='ocrx_word' id='word_1_261' title='bbox 252 2279 409 2310; x_wconf 74' lang='lat' dir='ltr'>Valerius</span> <span class='ocrx_word' id='word_1_262' title='bbox 432 2280 559 2319; x_wconf 72' lang='lat' dir='ltr'>primns</span> <span class='ocrx_word' id='word_1_263' title='bbox 584 2281 723 2319; x_wconf 64' lang='lat' dir='ltr'>asserit,</span> <span class='ocrx_word' id='word_1_264' title='bbox 758 2284 814 2312; x_wconf 84' lang='lat' dir='ltr'>est</span> <span class='ocrx_word' id='word_1_265' title='bbox 840 2282 1026 2322; x_wconf 85' lang='lat' dir='ltr'>profectus</span> <span class='ocrx_word' id='word_1_266' title='bbox 1051 2294 1094 2314; x_wconf 82' lang='lat' dir='ltr'>ex</span> <span class='ocrx_word' id='word_1_267' title='bbox 1122 2283 1289 2315; x_wconf 61' lang='lat' dir='ltr'>lsshonani</span> <span class='ocrx_word' id='word_1_268' title='bbox 1314 2283 1619 2325; x_wconf 79' lang='lat' dir='ltr'>interpolatione,</span> <span class='ocrx_word' id='word_1_269' title='bbox 1652 2284 1689 2314; x_wconf 92' lang='grc'>111</span> <span class='ocrx_word' id='word_1_270' title='bbox 1714 2294 1771 2314; x_wconf 86' lang='grc'>00-</span> 
     </span>
     <span class='ocr_line' id='line_1_31' title="bbox 248 2334 1772 2381; baseline 0.004 -17"><span class='ocrx_word' id='word_1_271' title='bbox 248 2334 391 2365; x_wconf 86' lang='lat' dir='ltr'>‹licibus</span> <span class='ocrx_word' id='word_1_272' title='bbox 420 2345 485 2365; x_wconf 77' lang='lat' dir='ltr'>nce</span> <span class='ocrx_word' id='word_1_273' title='bbox 513 2335 673 2366; x_wconf 82' lang='lat' dir='ltr'>Antiatis</span> <span class='ocrx_word' id='word_1_274' title='bbox 700 2346 765 2367; x_wconf 87' lang='grc'>1100</span> <span class='ocrx_word' id='word_1_275' title='bbox 782 2336 921 2368; x_wconf 82' lang='lat' dir='ltr'>Valerii</span> <span class='ocrx_word' id='word_1_276' title='bbox 947 2349 1076 2370; x_wconf 87' lang='lat' dir='ltr'>nomen</span> <span class='ocrx_word' id='word_1_277' title='bbox 1105 2343 1238 2371; x_wconf 82' lang='lat' dir='ltr'>exstat.</span> <span class='ocrx_word' id='word_1_278' title='bbox 1266 2358 1309 2362; x_wconf 86' lang='lat'>——-</span> <span class='ocrx_word' id='word_1_279' title='bbox 1335 2341 1382 2371; x_wconf 85' lang='lat' dir='ltr'>ef.</span> <span class='ocrx_word' id='word_1_280' title='bbox 1402 2339 1578 2371; x_wconf 83' lang='lat' dir='ltr'>Priscian.</span> <span class='ocrx_word' id='word_1_281' title='bbox 1606 2340 1636 2372; x_wconf 95' lang='lat' dir='ltr'>V</span> <span class='ocrx_word' id='word_1_282' title='bbox 1655 2350 1689 2381; x_wconf 85' lang='lat' dir='ltr'>p.</span> <span class='ocrx_word' id='word_1_283' title='bbox 1707 2340 1772 2370; x_wconf 85' lang='lat'>649</span> 
     </span>
     <span class='ocr_line' id='line_1_32' title="bbox 248 2391 1771 2437; baseline 0.003 -15"><span class='ocrx_word' id='word_1_284' title='bbox 248 2391 285 2422; x_wconf 81' lang='lat' dir='ltr'>l&#39;.</span> <span class='ocrx_word' id='word_1_285' title='bbox 316 2392 377 2422; x_wconf 81' lang='lat'>155</span> <span class='ocrx_word' id='word_1_286' title='bbox 404 2391 465 2421; x_wconf 82' lang='lat' dir='ltr'>IL:</span> <span class='ocrx_word' id='word_1_287' title='bbox 494 2392 526 2421; x_wconf 85' lang='lat' dir='ltr'>iu</span> <span class='ocrx_word' id='word_1_288' title='bbox 554 2393 633 2422; x_wconf 71' lang='lat' dir='ltr'>‘as&#39;</span> <span class='ocrx_word' id='word_1_289' title='bbox 660 2392 786 2423; x_wconf 76' lang='lat' dir='ltr'>Latina</span> <span class='ocrx_word' id='word_1_290' title='bbox 811 2395 841 2424; x_wconf 77' lang='grc' dir='ltr'>.ςί</span> <span class='ocrx_word' id='word_1_291' title='bbox 863 2395 930 2424; x_wconf 66' lang='lat' dir='ltr'>sint</span> <span class='ocrx_word' id='word_1_292' title='bbox 953 2396 1107 2434; x_wconf 79' lang='lat' dir='ltr'>patriae,</span> <span class='ocrx_word' id='word_1_293' title='bbox 1140 2398 1317 2428; x_wconf 79' lang='lat' dir='ltr'>eommunis</span> <span class='ocrx_word' id='word_1_294' title='bbox 1341 2400 1416 2427; x_wconf 78' lang='lat' dir='ltr'>sunt</span> <span class='ocrx_word' id='word_1_295' title='bbox 1439 2397 1587 2437; x_wconf 76' lang='lat' dir='ltr'>¹qenerz&#39;.s·,</span> <span class='ocrx_word' id='word_1_296' title='bbox 1613 2412 1656 2418; x_wconf 86' lang='lat'><strong>—</strong></span> <span class='ocrx_word' id='word_1_297' title='bbox 1680 2396 1771 2427; x_wconf 79' lang='lat' dir='ltr'>inue-</span> 
     </span>
     <span class='ocr_line' id='line_1_33' title="bbox 247 2447 1772 2493; baseline 0.003 -16"><span class='ocrx_word' id='word_1_298' title='bbox 247 2447 382 2477; x_wconf 75' lang='lat' dir='ltr'>niuntur·</span> <span class='ocrx_word' id='word_1_299' title='bbox 408 2451 515 2477; x_wconf 79' lang='lat' dir='ltr'>lamen</span> <span class='ocrx_word' id='word_1_300' title='bbox 540 2447 609 2477; x_wconf 75' lang='lat' dir='ltr'>alia</span> <span class='ocrx_word' id='word_1_301' title='bbox 639 2459 767 2490; x_wconf 76' lang='lat' dir='ltr'>quoque</span> <span class='ocrx_word' id='word_1_302' title='bbox 794 2452 941 2490; x_wconf 78' lang='lat' dir='ltr'>propria</span> <span class='ocrx_word' id='word_1_303' title='bbox 972 2451 1005 2481; x_wconf 82' lang='lat' dir='ltr'>in</span> <span class='ocrx_word' id='word_1_304' title='bbox 1032 2451 1176 2490; x_wconf 82' lang='lat' dir='ltr'>formam</span> <span class='ocrx_word' id='word_1_305' title='bbox 1203 2453 1372 2493; x_wconf 44' lang='lat' dir='ltr'>‹qeneilinm</span> <span class='ocrx_word' id='word_1_306' title='bbox 1402 2453 1555 2493; x_wconf 78' lang='lat' dir='ltr'>prolata,</span> <span class='ocrx_word' id='word_1_307' title='bbox 1589 2457 1623 2483; x_wconf 81' lang='lat' dir='ltr'>ul</span> <span class='ocrx_word' id='word_1_308' title='bbox 1648 2452 1772 2483; x_wconf 78' lang='lat' dir='ltr'>Antias</span> 
     </span>
     <span class='ocr_line' id='line_1_34' title="bbox 246 2503 435 2534; baseline 0.011 -2"><span class='ocrx_word' id='word_1_309' title='bbox 246 2503 435 2534; x_wconf 53' lang='lat' dir='ltr'>leis-loricae.</span> 
     </span>
    </p>

    <p class='ocr_par' dir='ltr' id='par_1_6' title="bbox 247 2559 1772 2941">
     <span class='ocr_line' id='line_1_35' title="bbox 337 2559 1768 2605; baseline 0.003 -15"><span class='ocrx_word' id='word_1_310' title='bbox 337 2559 364 2600; x_wconf 75' lang='lat'>²)</span> <span class='ocrx_word' id='word_1_311' title='bbox 391 2559 565 2591; x_wconf 82' lang='lat' dir='ltr'>Consulto</span> <span class='ocrx_word' id='word_1_312' title='bbox 592 2560 696 2591; x_wconf 88' lang='lat' dir='ltr'>omisi</span> <span class='ocrx_word' id='word_1_313' title='bbox 722 2560 816 2602; x_wconf 87' lang='lat' dir='ltr'>quod</span> <span class='ocrx_word' id='word_1_314' title='bbox 838 2561 996 2602; x_wconf 87' lang='lat' dir='ltr'>Plinius,</span> <span class='ocrx_word' id='word_1_315' title='bbox 1023 2566 1062 2594; x_wconf 88' lang='lat' dir='ltr'>ut</span> <span class='ocrx_word' id='word_1_316' title='bbox 1087 2573 1183 2595; x_wconf 89' lang='lat' dir='ltr'>nunc</span> <span class='ocrx_word' id='word_1_317' title='bbox 1208 2564 1318 2605; x_wconf 85' lang='lat' dir='ltr'>uulgo</span> <span class='ocrx_word' id='word_1_318' title='bbox 1344 2564 1531 2604; x_wconf 82' lang='lat' dir='ltr'>scribitur,</span> <span class='ocrx_word' id='word_1_319' title='bbox 1558 2563 1602 2595; x_wconf 85' lang='lat' dir='ltr'>ab</span> <span class='ocrx_word' id='word_1_320' title='bbox 1629 2574 1671 2595; x_wconf 87' lang='lat' dir='ltr'>eo</span> <span class='ocrx_word' id='word_1_321' title='bbox 1697 2573 1768 2595; x_wconf 86' lang='lat' dir='ltr'>rem</span> 
     </span>
     <span class='ocr_line' id='line_1_36' title="bbox 248 2615 1772 2656; baseline 0.003 -10"><span class='ocrx_word' id='word_1_322' title='bbox 248 2615 429 2656; x_wconf 82' lang='lat' dir='ltr'>quandam</span> <span class='ocrx_word' id='word_1_323' title='bbox 457 2627 488 2650; x_wconf 85' lang='lat' dir='ltr'>a.</span> <span class='ocrx_word' id='word_1_324' title='bbox 517 2618 589 2647; x_wconf 82' lang='lat'>181.</span> <span class='ocrx_word' id='word_1_325' title='bbox 617 2619 681 2648; x_wconf 84' lang='lat'>573</span> <span class='ocrx_word' id='word_1_326' title='bbox 709 2617 744 2648; x_wconf 90' lang='grc'>111</span> <span class='ocrx_word' id='word_1_327' title='bbox 771 2617 880 2648; x_wconf 78' lang='lat' dir='ltr'>tertio</span> <span class='ocrx_word' id='word_1_328' title='bbox 908 2617 998 2649; x_wconf 80' lang='lat' dir='ltr'>libro</span> <span class='ocrx_word' id='word_1_329' title='bbox 1030 2624 1239 2651; x_wconf 81' lang='lat' dir='ltr'>enarratam</span> <span class='ocrx_word' id='word_1_330' title='bbox 1272 2630 1351 2652; x_wconf 82' lang='lat' dir='ltr'>esse</span> <span class='ocrx_word' id='word_1_331' title='bbox 1379 2630 1647 2652; x_wconf 82' lang='lat' dir='ltr'>conmemorare</span> <span class='ocrx_word' id='word_1_332' title='bbox 1673 2619 1772 2651; x_wconf 83' lang='lat' dir='ltr'>uide-</span> 
     </span>
     <span class='ocr_line' id='line_1_37' title="bbox 247 2672 1770 2718; baseline 0.003 -16"><span class='ocrx_word' id='word_1_333' title='bbox 247 2677 304 2702; x_wconf 82' lang='lat' dir='ltr'>tur</span> <span class='ocrx_word' id='word_1_334' title='bbox 331 2672 388 2705; x_wconf 79' lang='lat' dir='ltr'>(fr.</span> <span class='ocrx_word' id='word_1_335' title='bbox 419 2673 485 2711; x_wconf 78' lang='lat'>15).</span> <span class='ocrx_word' id='word_1_336' title='bbox 534 2682 615 2703; x_wconf 82' lang='lat' dir='ltr'>nam</span> <span class='ocrx_word' id='word_1_337' title='bbox 642 2672 672 2704; x_wconf 81' lang='lat' dir='ltr'>is</span> <span class='ocrx_word' id='word_1_338' title='bbox 699 2683 867 2704; x_wconf 87' lang='lat' dir='ltr'>numerus</span> <span class='ocrx_word' id='word_1_339' title='bbox 894 2674 971 2705; x_wconf 87' lang='lat' dir='ltr'>sine</span> <span class='ocrx_word' id='word_1_340' title='bbox 995 2674 1103 2706; x_wconf 86' lang='lat' dir='ltr'>dubio</span> <span class='ocrx_word' id='word_1_341' title='bbox 1132 2679 1186 2707; x_wconf 82' lang='lat' dir='ltr'>est</span> <span class='ocrx_word' id='word_1_342' title='bbox 1212 2679 1412 2718; x_wconf 86' lang='lat' dir='ltr'>corruptus.</span> <span class='ocrx_word' id='word_1_343' title='bbox 1447 2676 1514 2707; x_wconf 80' lang='lat' dir='ltr'>etsi</span> <span class='ocrx_word' id='word_1_344' title='bbox 1541 2676 1634 2707; x_wconf 88' lang='grc'>0111111</span> <span class='ocrx_word' id='word_1_345' title='bbox 1661 2676 1770 2707; x_wconf 85' lang='lat' dir='ltr'>etiam</span> 
     </span>
     <span class='ocr_line' id='line_1_38' title="bbox 249 2727 1769 2772; baseline 0.004 -15"><span class='ocrx_word' id='word_1_346' title='bbox 249 2728 410 2758; x_wconf 75' lang='lat' dir='ltr'>Antiatis</span> <span class='ocrx_word' id='word_1_347' title='bbox 445 2727 633 2759; x_wconf 79' lang='lat' dir='ltr'>historiam</span> <span class='ocrx_word' id='word_1_348' title='bbox 668 2728 888 2769; x_wconf 87' lang='lat' dir='ltr'>procedente</span> <span class='ocrx_word' id='word_1_349' title='bbox 921 2740 1028 2771; x_wconf 85' lang='lat' dir='ltr'>opere</span> <span class='ocrx_word' id='word_1_350' title='bbox 1060 2731 1328 2764; x_wconf 81' lang='lat' dir='ltr'>adeuratiorem</span> <span class='ocrx_word' id='word_1_351' title='bbox 1362 2732 1497 2763; x_wconf 83' lang='lat' dir='ltr'>factam</span> <span class='ocrx_word' id='word_1_352' title='bbox 1530 2742 1608 2763; x_wconf 87' lang='lat' dir='ltr'>esse</span> <span class='ocrx_word' id='word_1_353' title='bbox 1642 2741 1706 2772; x_wconf 85' lang='lat' dir='ltr'>per</span> <span class='ocrx_word' id='word_1_354' title='bbox 1731 2741 1769 2763; x_wconf 82' lang='lat' dir='ltr'>se</span> 
     </span>
     <span class='ocr_line' id='line_1_39' title="bbox 249 2784 1767 2829; baseline 0.003 -16"><span class='ocrx_word' id='word_1_355' title='bbox 249 2784 437 2823; x_wconf 75' lang='lat' dir='ltr'>probabile</span> <span class='ocrx_word' id='word_1_356' title='bbox 472 2788 540 2821; x_wconf 80' lang='lat' dir='ltr'>est,</span> <span class='ocrx_word' id='word_1_357' title='bbox 575 2789 695 2815; x_wconf 74' lang='lat' dir='ltr'>tannen</span> <span class='ocrx_word' id='word_1_358' title='bbox 729 2785 808 2825; x_wconf 88' lang='lat' dir='ltr'>quis</span> <span class='ocrx_word' id='word_1_359' title='bbox 833 2785 958 2817; x_wconf 83' lang='lat' dir='ltr'>eredat</span> <span class='ocrx_word' id='word_1_360' title='bbox 991 2797 1069 2817; x_wconf 84' lang='lat' dir='ltr'>eum</span> <span class='ocrx_word' id='word_1_361' title='bbox 1097 2798 1172 2829; x_wconf 83' lang='lat' dir='ltr'>res,</span> <span class='ocrx_word' id='word_1_362' title='bbox 1207 2798 1301 2829; x_wconf 82' lang='lat' dir='ltr'>quac</span> <span class='ocrx_word' id='word_1_363' title='bbox 1333 2799 1354 2818; x_wconf 80' lang='lat' dir='ltr'>a</span> <span class='ocrx_word' id='word_1_364' title='bbox 1378 2787 1494 2819; x_wconf 87' lang='lat' dir='ltr'>Numa</span> <span class='ocrx_word' id='word_1_365' title='bbox 1519 2798 1632 2829; x_wconf 87' lang='lat' dir='ltr'>usque</span> <span class='ocrx_word' id='word_1_366' title='bbox 1664 2787 1709 2818; x_wconf 83' lang='lat' dir='ltr'>ad</span> <span class='ocrx_word' id='word_1_367' title='bbox 1735 2798 1767 2822; x_wconf 79' lang='lat' dir='ltr'>a.</span> 
     </span>
     <span class='ocr_line' id='line_1_40' title="bbox 252 2840 1771 2886; baseline 0.005 -18"><span class='ocrx_word' id='word_1_368' title='bbox 252 2840 322 2869; x_wconf 83' lang='grc'>181.</span> <span class='ocrx_word' id='word_1_369' title='bbox 350 2841 414 2870; x_wconf 69' lang='lat'>575’,</span> <span class='ocrx_word' id='word_1_370' title='bbox 441 2844 568 2880; x_wconf 78' lang='lat' dir='ltr'>gestae</span> <span class='ocrx_word' id='word_1_371' title='bbox 596 2844 696 2881; x_wconf 76' lang='lat' dir='ltr'>sunt,</span> <span class='ocrx_word' id='word_1_372' title='bbox 722 2851 792 2872; x_wconf 87' lang='lat' dir='ltr'>uno</span> <span class='ocrx_word' id='word_1_373' title='bbox 819 2841 909 2873; x_wconf 86' lang='lat' dir='ltr'>libro</span> <span class='ocrx_word' id='word_1_374' title='bbox 937 2843 1152 2884; x_wconf 70' lang='lat' dir='ltr'>conplexum</span> <span class='ocrx_word' id='word_1_375' title='bbox 1180 2856 1278 2884; x_wconf 78' lang='lat' dir='ltr'>esse,</span> <span class='ocrx_word' id='word_1_376' title='bbox 1307 2846 1412 2877; x_wconf 81' lang='lat' dir='ltr'>annis</span> <span class='ocrx_word' id='word_1_377' title='bbox 1439 2846 1496 2886; x_wconf 85' lang='lat' dir='ltr'>qui</span> <span class='ocrx_word' id='word_1_378' title='bbox 1522 2846 1771 2886; x_wconf 81' lang='lat' dir='ltr'>sequebantur</span> 
     </span>
     <span class='ocr_line' id='line_1_41' title="bbox 250 2895 1212 2941; baseline 0.009 -19"><span class='ocrx_word' id='word_1_379' title='bbox 250 2895 306 2923; x_wconf 74' lang='lat' dir='ltr'>uix</span> <span class='ocrx_word' id='word_1_380' title='bbox 331 2895 598 2937; x_wconf 71' lang='lat' dir='ltr'>quinquaginta</span> <span class='ocrx_word' id='word_1_381' title='bbox 624 2896 854 2939; x_wconf 74' lang='lat' dir='ltr'>undeuiginti</span> <span class='ocrx_word' id='word_1_382' title='bbox 882 2897 993 2929; x_wconf 77' lang='lat' dir='ltr'>libros</span> <span class='ocrx_word' id='word_1_383' title='bbox 1019 2899 1212 2941; x_wconf 74' lang='lat' dir='ltr'>explesse?</span> 
     </span>
    </p>
   </div>
   <div class='ocr_carea' id='block_1_4' title="bbox 1842 0 1884 3213">
    <p class='ocr_par' dir='ltr' id='par_1_7' title="bbox 1842 0 1884 3213">
     <span class='ocr_line' id='line_1_42' title="bbox 1842 0 1884 3213; baseline 0 0"><span class='ocrx_word' id='word_1_384' title='bbox 1842 0 1884 3213; x_wconf 95' lang='lat' dir='ltr'> </span> 
     </span>
    </p>
   </div>
  </div>
 </body>
</html>
