1884 3213
269 188 383 218 CCCL
584 179 649 210 DE
677 177 990 211 SCRIPTOltVM
1014 176 1145 211 vrr1s
1172 178 1234 209 ΕΤ
1262 177 1476 210 somr'ms

266 292 411 343 quibus
440 292 675 340 ⁴nominatim
708 290 901 336 laudatur,
943 296 982 329 et
1014 291 1132 329 alium
1165 290 1259 329 llbri
1289 290 1323 330 X
1361 291 1512 336 locum,
1556 304 1633 343 quo
1665 298 1705 331 ct
1734 291 1797 330 Li-

266 361 397 398 cinius
437 365 475 397 ct
511 358 673 398 Tubero
714 360 999 408 significantur.
1059 364 1118 397 est
1156 360 1189 397 is
1220 360 1261 397 in
1293 371 1376 410 cap.
1413 358 1484 404 11,
1517 357 1561 405 9,
1594 358 1662 398 ubi
1693 360 1795 410 quod

266 426 361 465 baec
393 427 553 478 scripsit
584 427 631 466 de
664 439 766 465 anno
799 424 896 466 299.
920 424 1022 465 455:
1057 427 1216 465 Caritas
1246 428 1363 466 etiam
1385 438 1569 465 annonae
1588 429 1798 467 sollicitam

264 497 465 534 entitatem
496 495 653 543 habuit,
688 500 923 543 uentumque
953 495 1011 532 ad
1038 496 1200 544 inopiae
1229 496 1410 534 ultimum
1437 494 1569 542 soret,
1602 500 1645 535 ut
1672 497 1798 545 scrip-

264 574 350 601 sere
380 563 520 611 quibus
549 563 717 602 aedilem
744 562 874 610 fuisse
904 574 950 602 eo
981 573 1088 601 amm
1119 563 1286 601 Fabium
1320 563 1543 601 Maxe'nmm
1567 565 1724 612 placet,
1757 565 1801 601 ηε·

265 632 348 669 eius
378 632 463 669 uiri
490 642 612 678 cura,
655 632 787 679 qualis
827 632 867 669 in
899 631 1048 669 bellicis
1078 630 1194 669 rebus
1224 632 1355 669 mullis
1385 631 1680 680 tempestatibus
1705 630 1797 678 fue-

265 703 350 741 rat,
385 701 474 737 talis
506 700 612 738 domi
634 703 712 736 tum
743 700 783 737 in
806 709 991 737 [amoime
1012 699 1307 748 dispensatione
1318 699 1618 748 praeparando
1636 710 1685 737 ac
1704 710 1797 738 con-

265 766 445 804 vehendo
483 766 689 813 frumento
721 765 887 815 fuisset,
929 771 1064 818 aperte
1102 766 1149 805 ad
1188 765 1278 805 illos
1316 771 1497 805 auctores
1528 768 1708 818 respicit,
1751 780 1798 805 ex

267 833 414 882 quibus
445 834 484 872 in
517 847 601 886 cap.
624 832 650 873 9
684 835 746 885 (fr.
772 831 837 886 19)
871 836 911 872 in
944 846 1033 873 eum
1066 846 1210 872 annum
1243 832 1287 879 Q.
1318 833 1484 873 Fabium
1518 834 1685 874 aedilem
1718 834 1795 873 fac-

268 907 348 939 tum
383 914 469 940 esse
501 902 721 941 rettulerat.
783 907 900 954 atque
932 902 1029 941 baec
1061 902 1220 953 quidem
1252 902 1456 941 hactenus.

378 980 498 1020 Multo
528 994 627 1020 uero
658 981 771 1032 plura
803 981 945 1020 Licinii
985 982 1205 1031 fragmenta
1246 993 1291 1019 ex
1324 981 1440 1019 Liuio
1473 981 1617 1020 elicere
1651 980 1796 1020 eidem·

266 1061 341 1100 que
374 1050 544 1087 certiora
588 1050 634 1087 de
676 1049 876 1088 annalium
917 1050 1000 1087 eius
1040 1048 1170 1087 indole
1203 1049 1322 1087 credo
1353 1050 1534 1099 proferre
1575 1061 1795 1100 possemus,

266 1118 345 1155 nisi
378 1129 469 1154 casu
502 1116 553 1155 ita
587 1117 817 1161 accidisset,
859 1123 901 1155 ut
933 1122 1016 1155 tum
1048 1116 1206 1155 demun]
1238 1116 1377 1155 Liuius
1415 1116 1470 1155 eis
1500 1116 1557 1155 uti
1588 1118 1795 1167 coepisset,

267 1183 336 1222 ubi
369 1184 512 1234 integri
545 1184 723 1236 Dionysii
754 1184 846 1223 libri
885 1185 1039 1223 desunt.
1102 1196 1206 1222 nunc
1248 1196 1326 1222 uno
1358 1189 1509 1223 tantum
1549 1185 1663 1223 modo
1697 1185 1796 1229 loco,

267 1253 334 1302 qni
367 1257 427 1290 est
458 1253 498 1290 in
530 1252 607 1290 fine
645 1251 737 1291 libri
768 1252 820 1290 XI
851 1252 1030 1304 Dionysii
1070 1258 1108 1290 et
1148 1253 1189 1291 in
1227 1253 1425 1304 principio
1464 1251 1558 1290 libri
1590 1252 1661 1290 1111
1692 1253 1796 1292 Liuii

268 1320 328 1367 (fr.
356 1317 405 1358 13
439 1331 470 1358 c.
505 1319 631 1371 adm),
666 1332 765 1370 quae
796 1326 931 1372 partes
963 1320 1011 1359 ab
1042 1320 1120 1359 illis
1151 1320 1352 1359 historicis
1383 1320 1599 1359 secundum
1621 1320 1796 1359 Macrum

266 1392 471 1439 pertextae
504 1393 606 1433 sunt,
641 1389 745 1427 inter
776 1400 817 1428 se
840 1389 1091 1438 contingunt.
1134 1388 1209 1427 Sed
1243 1388 1513 1439 Dionysius
1545 1400 1635 1427 eum
1658 1389 1798 1427 citauit

268 1454 410 1505 ttribus
441 1455 540 1493 locis
572 1455 620 1493 fr.
655 1453 693 1494 8.
733 1454 796 1495 11.
834 1453 885 1494 12
917 1468 1006 1494 cum
1040 1455 1170 1494 Gellio
1202 1446 1487 1507 consociatum)
1531 1457 1571 1494 in
1603 1455 1718 1494 libris
1751 1455 1797 1494 ΙΙ.

266 1522 348 1561 1111.
383 1524 411 1561 V
446 1520 550 1574 (bis).
585 1523 647 1562 Vl.
680 1523 745 1562 Vll
786 1529 823 1562 et
863 1525 947 1562 sine
980 1523 1102 1562 dubio
1139 1524 1348 1574 exscripsit
1387 1528 1483 1563 extr.
1515 1522 1582 1561 lib.
1615 1522 1665 1562 XI
1704 1520 1796 1573 (uid.

268 1590 357 1629 adn.
393 1590 438 1629 fr.
476 1589 555 1642 13).
616 1596 699 1629 tum
739 1603 839 1642 quae
879 1591 926 1630 de
964 1591 1080 1630 bellis
1119 1590 1166 1630 ab
1197 1592 1304 1630 Anco
1343 1592 1466 1641 gestis
1505 1590 1538 1629 ll
1575 1587 1630 1630 38
1669 1595 1707 1629 et
1744 1587 1798 1629 39

268 1659 482 1696 memoriae
516 1658 698 1702 tradidit,
741 1664 806 1697 aut
837 1671 882 1697 ex
916 1659 1047 1698 Macro
1079 1664 1145 1697 aut
1184 1671 1230 1697 ex
1262 1658 1389 1697 Gellio
1423 1664 1544 1697 tracta
1576 1670 1662 1696 esse
1693 1658 1798 1708 frag-

266 1730 400 1764 mento
433 1722 457 1763 8
492 1731 704 1777 conparato
737 1728 970 1777 conputauit
999 1725 1219 1777 Kiesssling
1251 1726 1287 1765 d.
1321 1726 1432 1765 Dion.
1465 1727 1561 1764 font.
1593 1738 1632 1777 p.
1654 1723 1710 1765 30
1739 1737 1797 1776 sq.

266 1793 448 1844 idemque
482 1806 519 1843 p.
553 1791 606 1832 33
639 1806 727 1832 cun]
760 1793 978 1833 Liebaldtio
1010 1807 1048 1845 p.
1074 1792 1125 1832 15
1156 1794 1296 1833 foedus
1328 1793 1525 1833 Gabinum
1559 1790 1726 1845 (111158)
1761 1797 1799 1831 et

267 1860 561 1910 Scbweglerum
606 1860 651 1910 (II
682 1873 719 1911 p.
752 1858 847 1913 308)
891 1867 1050 1900 secutus
1096 1861 1236 1900 foedus
1282 1874 1303 1900 a
1341 1862 1473 1901 Cassio
1513 1872 1602 1899 cum
1647 1860 1799 1899 Latinis
1852 1891 1863 1900 .

268 1929 391 1966 ictum
426 1927 485 1972 *NI
518 1926 584 1979 95)
619 1929 665 1966 ad
697 1928 818 1967 Macri
850 1930 1124 1968 auctoritatem
1165 1929 1212 1967 de
1245 1930 1475 1967 coniectura
1506 1927 1673 1967 rettulit.
1724 1928 1798 1967 hoc

267 1997 375 2033 enim
408 2000 709 2034 monumentum
742 1997 782 2034 in
815 1996 998 2034 columna
1030 2008 1149 2034 aenea
1182 1995 1424 2046 insculptum
1447 1996 1583 2036 Cicero
1605 2007 1695 2034 cum
1726 2007 1797 2047 pro

268 2062 389 2101 Balbo
425 2061 509 2111 (23,
542 2060 609 2115 53)
644 2064 814 2108 diecret,
850 2065 1031 2102 meminit
1057 2068 1148 2113 post
1174 2069 1306 2102 rostra
1336 2065 1501 2102 incisum
1531 2068 1569 2102 et
1590 2065 1795 2112 perscrip-

267 2137 347 2169 tum
374 2131 522 2179 fuisse,
563 2136 644 2169 tum
686 2132 811 2181 igitur
850 2133 934 2182 ipsc
967 2131 1104 2169 uidere
1137 2144 1212 2169 uon
1245 2133 1394 2182 potuit,
1434 2131 1635 2182 multoque
1667 2132 1798 2169 minus

268 2199 555 2249 quinquaginta
587 2200 671 2237 serc
704 2198 815 2236 annis
846 2203 935 2248 post
965 2198 1189 2249 DIonysius.
1251 2200 1319 2249 qui
1357 2198 1461 2248 quod
1493 2198 1618 2237 nihilo
1650 2199 1794 2243 minus,

267 2265 363 2316 quid
395 2267 433 2304 in
467 2264 534 2305 illo
568 2266 759 2317 scriptum
782 2271 904 2310 essct,
938 2267 1129 2309 inseruit,
1164 2270 1300 2316 aperte
1333 2265 1399 2304 alii
1431 2267 1583 2304 auctori
1612 2267 1698 2304 eius
1728 2278 1797 2304 no-

268 2334 396 2371 titiam
428 2332 558 2371 debet.
612 2334 715 2372 bunc
748 2345 844 2371 uero
875 2337 1075 2372 auctorem
1109 2334 1305 2372 neminem
1337 2332 1444 2372 certe
1476 2334 1565 2372 ueri
1596 2340 1654 2372 est
1685 2334 1819 2376 simi-s

272 2401 349 2438 lius
380 2401 503 2439 fuisse
533 2413 648 2451 quam
683 2401 871 2439 Macrum.
923 2399 1051 2439 Etiam
1082 2400 1238 2450 longius
1269 2412 1504 2452 progressus
1536 2400 1697 2439 Nitzscb
1731 2398 1795 2450 (m.

269 2467 341 2506 Rb.
375 2480 412 2505 n.
446 2466 565 2505 XXIll
605 2480 641 2518 p.
676 2465 770 2506 614.
804 2467 943 2505 XXIIII
983 2481 1019 2518 p.
1056 2465 1135 2506 145
1166 2469 1265 2519 sqq.)
1308 2473 1410 2507 totos
1441 2467 1564 2506 libros
1595 2466 1798 2505 V-—VIIII

269 2548 449 2586 magnam
481 2539 632 2586 partem
666 2536 901 2573 auctoritate
933 2534 1055 2573 Macri
1095 2536 1169 2573 niti
1210 2537 1432 2586 suspicatus
1464 2540 1534 2574 cst.
1597 2546 1672 2584 qua
1704 2546 1796 2572 con-

269 2604 421 2641 iectura
455 2614 596 2641 uerum
627 2615 668 2641 se
700 2601 930 2641 adsecutum
963 2614 1048 2641 esse
1083 2614 1236 2647 uereor,
1270 2607 1313 2641 ut
1343 2601 1490 2641 multis⁴
1510 2601 1728 2654 conprobet
1760 2606 1798 2639 et

271 2760 468 2792 secundum
486 2760 655 2793 Pisonem
680 2762 868 2801 pertextus
893 2759 954 2791 sit.
990 2759 1100 2790 etiam
1127 2759 1163 2790 in
1184 2759 1277 2791 libro
1295 2759 1328 2790 X
1353 2762 1546 2801 postquam
1571 2769 1600 2790 c.
1622 2760 1642 2790 9
1661 2758 1718 2798 (fr.
1741 2756 1796 2798 19)

270 2815 429 2847 Macrum
460 2816 675 2848 nominatim
707 2815 860 2855 adtulit,
895 2825 924 2846 c.
960 2816 999 2847 13
1033 2815 1200 2847 Pisonem
1239 2816 1354 2847 tacite
1393 2815 1600 2847 exscribere
1639 2813 1795 2846 uidetur.

270 2871 342 2902 uid.
368 2882 478 2913 supra
504 2883 537 2913 p.
564 2871 882 2903 CLXXXXVIIH.

1866 2886 1869 2896 ι

1865 3025 1867 3038 l

1865 3043 1867 3050 l
