1884 3213
283 201 340 231 cx
615 190 679 221 DE
707 187 1016 221 SCRIPTORVM
1041 187 1170 221 VITIS
1197 188 1260 220 ET
1287 186 1506 220 SCRIPTIS

283 312 317 343 at
354 316 448 342 uero
489 303 589 342 alter
630 303 742 341 locus
784 300 945 353 [v113]
989 314 1066 353 quo
1103 301 1244 340 Liuius
1275 301 1457 341 Cincium
1496 301 1628 340 laudat
1668 300 1807 341 eodem

285 374 370 410 iure
403 384 479 422 quo
513 371 577 409 hic
611 370 657 409 ad
688 370 945 414 Alimentum,
979 369 1027 408 ad
1059 371 1326 408 recentiorem
1357 369 1539 408 Cincium
1571 369 1808 409 referendus

283 446 354 477 vsi.
415 439 480 477 Est
516 450 612 476 uero
645 437 754 476 hice:
790 437 871 476 Nec
902 442 1034 475 tamen
1066 438 1250 476 ludorum
1276 439 1447 487 primum
1480 439 1632 476 inicium
1661 448 1805 486 procu-

283 586 331 626 (d.
358 586 382 617 f.
410 586 453 617 L.
481 585 516 616 II
544 595 577 626 p.
603 585 646 616 80
673 583 780 625 sqq),
807 584 864 615 cui
890 583 1074 625 plerique,
1109 585 1168 625 qui
1200 587 1330 626 postea
1362 584 1406 616 de
1440 583 1508 616 hoc
1539 584 1618 616 loco
1645 587 1809 625 egerunt,

281 646 320 673 ut
345 643 457 678 Hertz
486 653 518 683 p.
543 642 598 680 24,
627 640 893 673 Weissenborn
919 651 952 674 a.
979 640 1012 671 h.
1039 640 1075 681 l.,
1102 639 1249 673 adsensi
1274 644 1370 681 sunt,
1398 640 1517 672 Cincii
1543 639 1649 672 fidem
1675 642 1730 671 ita
1755 650 1808 671 re-

282 699 436 730 stituere
464 700 617 730 conatus
644 700 710 738 est,
737 700 778 728 ut
802 696 949 728 Liuium
974 696 1232 738 neglegentiae
1251 696 1500 729 insimulatum
1518 707 1590 728 non
1607 699 1707 729 recte
1726 694 1810 727 Cin—

283 755 330 787 cii
356 754 469 785 uerba
496 753 726 785 intellexisse
755 752 908 787 diceret.
959 754 1071 785 Teste
1098 753 1192 784 enim
1217 753 1369 795 Polybio
1394 754 1572 785 Hiberum
1605 757 1808 795 transgres-

282 821 344 843 sus
372 815 426 842 est
452 809 640 841 Hannibal
667 820 745 841 cum
773 811 917 849 102‚000
942 809 1099 840 militum
1125 808 1267 852 (Polyb.
1295 810 1350 842 ΙΙΙ
1375 811 1431 851 35,
1459 811 1488 841 1.
1532 810 1614 843 Liu.
1640 810 1728 841 XXI
1752 810 1808 849 23,

285 867 328 908 1),
356 866 486 899 deinde
511 866 686 897 Hannoni
713 866 757 896 ad
785 866 864 897 loca
891 876 984 907 quae
1012 865 1063 897 cis
1089 866 1267 898 Hiberum
1292 867 1365 898 sita
1391 870 1507 907 erant,
1533 866 1670 899 tuenda
1695 866 1809 898 tradi-

283 924 335 955 dit
362 924 483 963 11,000
508 922 674 954 militum.
724 922 848 963 itaque
877 922 1080 953 accedebat
1105 923 1151 954 ad
1175 923 1406 965 Pyrenaeum
1432 933 1512 954 cum
1538 923 1662 962 91,000
1678 921 1809 964 Hispa-

283 990 406 1012 norum
426 982 462 1011 et
481 978 852 1021 Carthaginiensium,
880 978 943 1010 sed
961 978 1086 1011 multis
1112 979 1254 1011 domum
1280 979 1439 1012 dimissis
1464 979 1582 1021 ipsum
1601 978 1809 1011 transduxit

283 1038 408 1076 59,000
433 1035 587 1066 militum
613 1034 756 1076 (Polyb.
782 1035 837 1066 111
862 1037 916 1075 35,
944 1035 990 1076 7),
1019 1035 1175 1077 denique
1201 1037 1238 1067 in
1256 1035 1403 1067 Italiam
1428 1036 1553 1076 ‘26‚000
1572 1033 1683 1077 (teste
1708 1035 1808 1066 Han-

283 1092 404 1123 nibale
429 1092 465 1123 in
492 1091 622 1123 tabula
648 1091 861 1123 Laciniensi
887 1091 1013 1132 Polyb.
1039 1091 1094 1123 III
1120 1093 1179 1132 56,
1204 1090 1260 1134 4),
1291 1095 1331 1123 ut
1356 1092 1394 1123 in
1418 1094 1494 1123 toto
1519 1091 1649 1123 itinere
1676 1090 1760 1123 inde
1787 1102 1808 1122 a

283 1149 473 1189 Pyrenaeo
500 1158 613 1190 usque
640 1147 683 1179 ad
708 1147 855 1179 Italiam
881 1149 1045 1189 perirent
1070 1150 1194 1188 33,000
1219 1148 1384 1180 militum.
1431 1148 1477 1180 ab
1496 1148 1596 1180 hisce
1614 1148 1727 1189 igitur
1743 1158 1809 1179 nu—

283 1206 392 1237 meris
418 1205 605 1246 profectus
630 1204 864 1245 Lachmann,
899 1214 990 1245 quos
1016 1204 1165 1236 Cincius
1197 1215 1240 1236 ex
1265 1205 1447 1247 Hispania
1479 1204 1516 1235 in
1548 1204 1697 1236 Italiam
1729 1214 1809 1246 pro-

285 1262 402 1293 fectos
430 1261 593 1301 dixisset,
621 1271 682 1293 eos
708 1261 853 1292 Liuium
878 1270 917 1292 re
948 1271 1038 1292 uera.
1073 1272 1115 1292 eo
1147 1261 1360 1303 peruenisse
1386 1263 1534 1303 putasse
1560 1261 1747 1293 existimat
1772 1263 1809 1292 et

284 1318 339 1349 ita
365 1328 439 1349 rem
465 1316 650 1358 explicare
677 1317 880 1357 studuisse,
906 1320 945 1348 ut
970 1316 1095 1349 Gallos
1120 1321 1158 1349 et
1183 1318 1357 1360 Ligures,
1391 1317 1452 1359 qui
1484 1321 1612 1360 postea
1638 1317 1809 1349 adfluxis—

282 1377 376 1410 sent,
403 1385 424 1405 a
451 1372 576 1404 Cincio
603 1383 668 1414 per
693 1384 849 1406 errorem
875 1373 1041 1405 adiectos
1067 1384 1146 1405 esse
1173 1374 1426 1406 arbitraretur.
1476 1373 1548 1406 Sed
1575 1374 1757 1415 primum,'
1778 1373 1809 1406 si

284 1430 434 1461 Cincius
460 1429 614 1461 eandem
641 1439 747 1470 quam
773 1429 950 1472 Polybius
976 1430 1155 1461 rationem
1173 1433 1322 1462 secutus
1346 1432 1454 1470 esset,
1480 1430 1590 1462 etiam
1608 1430 1702 1461 alius
1727 1430 1809 1461 sub-

283 1490 380 1517 esset
406 1496 505 1518 error
530 1486 640 1517 Liuii.
688 1486 719 1517 is
746 1486 841 1517 enim
865 1486 950 1517 inde
977 1487 1023 1518 ab
1050 1485 1229 1518 Rhodano
1255 1487 1402 1518 flumine
1429 1486 1584 1518 traiecto
1603 1488 1727 1527 36,000
1745 1486 1808 1518 mi-

283 1543 387 1573 litum
415 1542 549 1573 amissa
576 1552 657 1574 esse
684 1541 810 1583 refert,
838 1552 918 1574 eum
945 1542 1098 1574 eundem
1131 1543 1207 1575 fere
1244 1553 1431 1574 numerum
1468 1541 1620 1584 (33‚000)
1657 1543 1694 1574 in
1731 1545 1808 1574 toto

282 1599 413 1630 itinere
440 1599 608 1640 periisse,
634 1598 810 1639 Polybius
835 1598 905 1638 uel,
933 1598 965 1630 si
990 1599 1266 1631 Laehmannum
1292 1598 1409 1638 audis,
1437 1599 1586 1630 Cincius
1612 1601 1807 1631 memoriae

284 1655 496 1697 prodiderit,
525 1654 635 1686 multo
661 1655 835 1686 minorem
868 1658 951 1697 post
975 1655 1145 1687 Rhodani
1177 1656 1372 1687 transitum
1406 1654 1554 1696 (⁶20,000.
1580 1655 1652 1689 uid.
1679 1655 1807 1697 Polyb.

282 1711 336 1742 111
363 1712 424 1751 5⁸3,
456 1712 487 1742 4.
527 1713 586 1751 (30,
621 1710 669 1752 5).
725 1711 856 1743 deinde
890 1710 1056 1743 Cincium
1095 1711 1306 1744 confudisse
1336 1721 1522 1744 numerum
1553 1710 1670 1744 Gallis
1697 1712 1808 1754 Ligu-

285 1767 454 1808 ribusque
481 1766 627 1808 additis,
666 1778 737 1799 non
756 1768 897 1808 Liuius,
934 1768 1028 1809 quod
1056 1767 1295 1801 Lachmanno
1320 1769 1436 1801 uisum
1467 1771 1563 1810 erat,
1596 1770 1637 1800 ut
1668 1769 1809 1801 numeri

285 1823 571 1865 magnitudinem
597 1824 814 1865 explicaret,
847 1824 927 1866 ipse
954 1824 1127 1866 coniecit,
1167 1824 1231 1857 sed
1268 1825 1339 1856 iam
1376 1824 1473 1867 apud
1505 1824 1671 1857 Cincium
1707 1825 1808 1856 inue-

285 1883 392 1911 nerat
424 1890 503 1910 cuin
536 1879 653 1911 Gallis
691 1879 962 1922 Liguribusque
1002 1881 1156 1922 triginta
1193 1880 1293 1913 milia
1329 1881 1509 1923 peditum,
1547 1881 1672 1913 decem
1709 1881 1808 1923 equi—
1863 1880 1873 1888 “

285 1940 358 1967 tum
386 1935 557 1970 adducta.
607 1936 716 1968 aliter
753 1936 847 1968 enim
881 1946 991 1969 eausa
1023 1947 1087 1968 cur
1124 1937 1308 1969 addiderit
1340 1937 1469 1969 Liuius
1494 1937 1607 1969 uerba
1638 1938 1672 1969 in
1703 1937 1807 1969 Italia

283 1992 386 2032 massis
412 1991 597 2031 adslnoeisse
623 1992 698 2022 ueri
721 1992 825 2024 simile
851 1997 913 2032 est,
940 1998 972 2024 et
996 1994 1044 2025 ila
1070 1995 1203 2036 qnidam
1220 1999 1377 2027 auctores
1393 1999 1480 2035 sunt,
1509 1994 1710 2036 excogitari
1734 2003 1806 2025 non

286 2050 416 2089 potest.
465 2046 550 2088 quid
578 2046 707 2088 plura?
734 2047 804 2079 nisi
829 2047 975 2079 Liuium
1003 2060 1150 2090 prorsus
1175 2051 1371 2083 insaniisse
1399 2050 1598 2091 credimus,
1633 2060 1807 2092 separan-

285 2104 350 2135 ‹lus
377 2106 432 2134 est
458 2113 627 2134 numerus
653 2102 850 2136 Cincianus
876 2115 897 2135 a
922 2105 1093 2147 Polybio,
1120 2117 1237 2148 neque
1264 2106 1491 2138 Lachmanni
1517 2107 1702 2138 sententia
1727 2117 1807 2149 pro-

287 2159 417 2191 banda.
467 2159 581 2192 Multo
607 2161 799 2192 rectiorem
824 2162 923 2193 uiam
949 2162 985 2193 in
1012 2162 1067 2194 his
1092 2163 1215 2195 uerbis
1240 2162 1530 2205 interpretandis
1548 2164 1731 2205 ingressus
1752 2166 1808 2196 est

285 2216 415 2247 l'luess
442 2215 499 2256 (de
526 2215 628 2248 Cinc.
654 2226 686 2258 p.
712 2217 732 2247 6
759 2217 864 2258 sqq).
915 2229 958 2249 ex
985 2219 1038 2250 eis
1064 2219 1159 2250 enim
1192 2229 1285 2260 quae
1316 2219 1540 2252 antecedunt
1571 2219 1724 2262 adparet
1748 2220 1808 2252 Li-

286 2273 382 2303 uium
410 2271 552 2303 adferre
579 2271 691 2314 uelle,
719 2277 877 2314 quantae
905 2275 1031 2316 copiae
1057 2278 1203 2307 auctore
1221 2274 1346 2307 Cincio
1372 2275 1574 2308 Hannibali
1598 2276 1635 2307 in
1660 2275 1806 2308 Italiam

286 2333 516 2370 transgresso
543 2328 689 2360 fuerint.
740 2330 802 2370 qui
832 2340 1001 2363 numerus
1033 2331 1063 2362 si
1089 2334 1144 2363 est
1168 2333 1359 2373 octoginta
1384 2332 1523 2364 milium
1546 2331 1722 2374 peditum,
1747 2331 1806 2364 de-

286 2396 362 2417 cem
390 2386 562 2426 equitum,
592 2389 632 2416 ut
657 2385 766 2427 uulgo
786 2387 1027 2429 existimatur,
1055 2397 1117 2419 suo
1143 2388 1219 2420 iure
1247 2398 1283 2419 se
1302 2398 1372 2420 non
1397 2387 1520 2420 uidere
1546 2388 1732 2430 professus
1751 2391 1806 2421 est

286 2441 428 2482 I'luess,
455 2441 538 2482 quid
564 2440 653 2473 uelit
678 2441 897 2474 Hannibalis
923 2441 1172 2475 testimonium
1196 2443 1239 2476 de
1258 2444 1471 2476 amissorum
1488 2444 1641 2476 militum
1658 2455 1806 2476 numero

286 2509 307 2529 a
333 2498 441 2530 Liuio
467 2508 601 2539 magna
627 2507 706 2529 cum
732 2498 768 2529 ui
795 2508 836 2529 ac
861 2499 1020 2539 pondere
1047 2498 1236 2540 prolatum.
1286 2500 1346 2541 qui
1377 2509 1546 2532 numerus
1573 2511 1636 2532 eur
1658 2503 1806 2543 postea·

287 2565 393 2595 quam
419 2565 477 2587 res
504 2555 576 2586 iarn
602 2553 771 2585 absoluta
798 2559 864 2595 est,
892 2554 1115 2595 adiceretur,
1141 2556 1284 2587 omnino
1311 2565 1423 2587 causa
1448 2566 1519 2588 non
1547 2560 1634 2589 erat.
1680 2557 1805 2598 itaque

287 2614 324 2642 ut
351 2621 477 2642 sanum
505 2610 681 2643 orationis
707 2613 869 2642 tenorem
896 2611 1151 2651 restituamus,
1178 2611 1269 2643 nihil
1294 2611 1394 2643 aliud
1420 2614 1549 2655 restat,
1575 2613 1647 2645 nisi
1671 2616 1712 2645 ut
1736 2623 1806 2645 non

286 2669 322 2698 in
348 2667 494 2700 Italiam
520 2666 601 2699 illas
629 2666 755 2708 copias
780 2669 929 2699 auctore
958 2666 1086 2698 Cincio
1117 2667 1299 2700 adductas
1330 2678 1409 2700 esse
1442 2669 1708 2710 existimemus,
1741 2668 1806 2702 sed

287 2723 330 2754 :ul
359 2723 585 2762 Rhodanum,
612 2722 726 2755 uerba
752 2732 840 2754 uero
865 2724 912 2754 ad
935 2723 1129 2755 Rhodanum
1159 2728 1223 2756 aut
1254 2735 1297 2756 ex
1328 2734 1427 2766 seqq.
1458 2724 1602 2758 Liuium
1635 2725 1806 2768 suppleta

287 2779 445 2811 uoluisse
472 2783 534 2811 aut
559 2782 641 2821 post
666 2780 809 2821 equilum
833 2778 1064 2811 librariorum
1090 2779 1199 2821 culpa
1224 2780 1465 2829 intercidisse.
1512 2791 1608 2814 nunc
1634 2785 1670 2814 et
1687 2782 1806 2814 oratio

287 2834 444 2867 Liuiana
471 2839 568 2868 recte
587 2835 751 2878 procedit
777 2834 873 2876 (narn
901 2838 1092 2876 postquam
1117 2836 1247 2868 Liuius
1265 2839 1352 2878 quot
1369 2837 1506 2870 milites
1524 2837 1570 2869 ad
1590 2837 1805 2870 Rhodanum

287 2890 508 2931 adduxisset,
537 2895 622 2932 quot
646 2891 731 2923 inde
758 2902 779 2923 a
805 2890 983 2924 Rhodano
1009 2901 1123 2933 usque
1148 2893 1186 2924 in
1210 2893 1357 2925 Italiam
1383 2893 1579 2933 amisisset,
1606 2903 1650 2926 ex
1675 2892 1804 2925 Cincio
