<?xml version="1.0" encoding="UTF-8"?>
<!DOCTYPE html PUBLIC "-//W3C//DTD XHTML 1.0 Transitional//EN"
    "http://www.w3.org/TR/xhtml1/DTD/xhtml1-transitional.dtd">
<html xmlns="http://www.w3.org/1999/xhtml" xml:lang="en" lang="en">
 <head>
  <title>
</title>
<meta http-equiv="Content-Type" content="text/html;charset=utf-8" />
  <meta name='ocr-system' content='tesseract 3.04.00' />
  <meta name='ocr-capabilities' content='ocr_page ocr_carea ocr_par ocr_line ocrx_word'/>
</head>
<body>
  <div class='ocr_page' id='page_1' title='image "./veterumhistorico01peteuoft_0543.png"; bbox 0 0 1884 3213; ppageno 0'>
   <div class='ocr_carea' id='block_1_1' title="bbox 100 928 132 951">
    <p class='ocr_par' dir='ltr' id='par_1_1' title="bbox 100 928 132 951">
     <span class='ocr_line' id='line_1_1' title="bbox 100 928 132 951; baseline 0 0"><span class='ocrx_word' id='word_1_1' title='bbox 100 928 132 951; x_wconf 75' lang='lat'>10</span> 
     </span>
    </p>
   </div>
   <div class='ocr_carea' id='block_1_2' title="bbox 99 1265 128 1288">
    <p class='ocr_par' dir='ltr' id='par_1_2' title="bbox 99 1265 128 1288">
     <span class='ocr_line' id='line_1_2' title="bbox 99 1265 128 1288; baseline 0 0"><span class='ocrx_word' id='word_1_2' title='bbox 99 1265 128 1288; x_wconf 83' lang='lat'>15</span> 
     </span>
    </p>
   </div>
   <div class='ocr_carea' id='block_1_3' title="bbox 645 186 1673 227">
    <p class='ocr_par' dir='ltr' id='par_1_3' title="bbox 645 186 1673 227">
     <span class='ocr_line' id='line_1_3' title="bbox 645 186 1673 227; baseline -0.001 -6"><span class='ocrx_word' id='word_1_3' title='bbox 645 191 687 221; x_wconf 80' lang='lat' dir='ltr'>L.</span> <span class='ocrx_word' id='word_1_4' title='bbox 717 189 880 222; x_wconf 73' lang='lat' dir='ltr'>COELII</span> <span class='ocrx_word' id='word_1_5' title='bbox 906 189 1168 221; x_wconf 76' lang='lat' dir='ltr'>AN&#39;rIPA&#39;rnl</span> <span class='ocrx_word' id='word_1_6' title='bbox 1596 186 1673 227; x_wconf 80' lang='grc'>149</span> 
     </span>
    </p>
   </div>
   <div class='ocr_carea' id='block_1_4' title="bbox 153 299 1763 684">
    <p class='ocr_par' dir='ltr' id='par_1_4' title="bbox 153 299 1763 426">
     <span class='ocr_line' id='line_1_4' title="bbox 268 299 1670 353; baseline -0.001 -12"><span class='ocrx_word' id='word_1_7' title='bbox 268 299 338 341; x_wconf 83' lang='lat'>10.</span> <span class='ocrx_word' id='word_1_8' title='bbox 379 303 534 341; x_wconf 68' lang='lat' dir='ltr'>Clam-is.</span> <span class='ocrx_word' id='word_1_9' title='bbox 567 303 591 341; x_wconf 93' lang='lat' dir='ltr'><em>I</em></span> <span class='ocrx_word' id='word_1_10' title='bbox 619 315 664 351; x_wconf 77' lang='lat' dir='ltr'>p.</span> <span class='ocrx_word' id='word_1_11' title='bbox 702 300 854 341; x_wconf 59' lang='lat'>1151).</span> <span class='ocrx_word' id='word_1_12' title='bbox 900 300 976 340; x_wconf 76' lang='lat'>143</span> <span class='ocrx_word' id='word_1_13' title='bbox 1009 304 1059 341; x_wconf 83' lang='lat' dir='ltr'>K.</span> <span class='ocrx_word' id='word_1_14' title='bbox 1100 302 1460 353; x_wconf 74' lang='lat' dir='ltr'>‘Saguntiimrum&#39;</span> <span class='ocrx_word' id='word_1_15' title='bbox 1501 303 1670 346; x_wconf 71' lang='lat' dir='ltr'>Coelius,</span> 
     </span>
     <span class='ocr_line' id='line_1_5' title="bbox 153 370 1763 426; baseline 0 -18"><span class='ocrx_word' id='word_1_16' title='bbox 153 370 387 420; x_wconf 73' lang='lat' dir='ltr'>Saguntium</span> <span class='ocrx_word' id='word_1_17' title='bbox 420 370 652 414; x_wconf 70' lang='lat' dir='ltr'>Sallustius,</span> <span class='ocrx_word' id='word_1_18' title='bbox 689 375 728 408; x_wconf 94' lang='lat' dir='ltr'>ut</span> <span class='ocrx_word' id='word_1_19' title='bbox 761 370 905 408; x_wconf 82' lang='lat' dir='ltr'>Paulus</span> <span class='ocrx_word' id='word_1_20' title='bbox 939 372 975 408; x_wconf 92' lang='lat' dir='ltr'>in</span> <span class='ocrx_word' id='word_1_21' title='bbox 1009 370 1131 408; x_wconf 68' lang='lat' dir='ltr'>(loelli</span> <span class='ocrx_word' id='word_1_22' title='bbox 1166 370 1331 409; x_wconf 74' lang='lat' dir='ltr'>historia</span> <span class='ocrx_word' id='word_1_23' title='bbox 1366 370 1469 408; x_wconf 85' lang='lat' dir='ltr'>libro</span> <span class='ocrx_word' id='word_1_24' title='bbox 1503 371 1516 408; x_wconf 89' lang='grc' dir='ltr'>Ι</span> <span class='ocrx_word' id='word_1_25' title='bbox 1550 375 1669 408; x_wconf 79' lang='lat' dir='ltr'>notat.</span> <span class='ocrx_word' id='word_1_26' title='bbox 1698 396 1763 426; x_wconf 72' lang='lat'>‘218</span> 
     </span>
    </p>

    <p class='ocr_par' dir='ltr' id='par_1_5' title="bbox 154 434 1763 684">
     <span class='ocr_line' id='line_1_6' title="bbox 268 434 1763 488; baseline 0 -12"><span class='ocrx_word' id='word_1_27' title='bbox 268 434 374 476; x_wconf 61' lang='lat'>11³³.</span> <span class='ocrx_word' id='word_1_28' title='bbox 416 438 539 476; x_wconf 66' lang='lat' dir='ltr'>Cicer.</span> <span class='ocrx_word' id='word_1_29' title='bbox 576 439 624 475; x_wconf 82' lang='lat' dir='ltr'>de</span> <span class='ocrx_word' id='word_1_30' title='bbox 655 438 779 475; x_wconf 42' lang='lat' dir='ltr'>dimit.</span> <span class='ocrx_word' id='word_1_31' title='bbox 812 439 833 475; x_wconf 91' lang='lat' dir='ltr'><em>I</em></span> <span class='ocrx_word' id='word_1_32' title='bbox 863 435 928 478; x_wconf 74' lang='lat'>24,</span> <span class='ocrx_word' id='word_1_33' title='bbox 962 435 1016 475; x_wconf 63' lang='lat'>45)</span> <span class='ocrx_word' id='word_1_34' title='bbox 1056 437 1136 476; x_wconf 73' lang='grc' dir='ltr'>11ος</span> <span class='ocrx_word' id='word_1_35' title='bbox 1170 439 1264 476; x_wconf 83' lang='lat' dir='ltr'>item</span> <span class='ocrx_word' id='word_1_36' title='bbox 1299 439 1337 475; x_wconf 90' lang='lat' dir='ltr'>in</span> <span class='ocrx_word' id='word_1_37' title='bbox 1370 438 1514 481; x_wconf 83' lang='lat' dir='ltr'>Sileni,</span> <span class='ocrx_word' id='word_1_38' title='bbox 1556 451 1763 488; x_wconf 76' lang='lat'>‹1110111535</span> 
     </span>
     <span class='ocr_line' id='line_1_7' title="bbox 154 505 1672 555; baseline 0.001 -14"><span class='ocrx_word' id='word_1_39' title='bbox 154 505 310 543; x_wconf 69' lang='lat' dir='ltr'>Coelius</span> <span class='ocrx_word' id='word_1_40' title='bbox 349 507 551 555; x_wconf 82' lang='lat' dir='ltr'>sequitur,</span> <span class='ocrx_word' id='word_1_41' title='bbox 595 505 743 543; x_wconf 73' lang='lat' dir='ltr'>Graeca</span> <span class='ocrx_word' id='word_1_42' title='bbox 785 505 951 543; x_wconf 84' lang='lat' dir='ltr'>historia</span> <span class='ocrx_word' id='word_1_43' title='bbox 993 510 1070 549; x_wconf 74' lang='lat' dir='ltr'>cst;</span> <span class='ocrx_word' id='word_1_44' title='bbox 1119 507 1150 543; x_wconf 85' lang='lat' dir='ltr'>is</span> <span class='ocrx_word' id='word_1_45' title='bbox 1191 510 1320 544; x_wconf 74' lang='lat' dir='ltr'>autem</span> <span class='ocrx_word' id='word_1_46' title='bbox 1365 505 1672 555; x_wconf 79' lang='lat' dir='ltr'>diligentissime</span> 
     </span>
     <span class='ocr_line' id='line_1_8' title="bbox 155 571 1669 624; baseline 0 -14"><span class='ocrx_word' id='word_1_47' title='bbox 155 584 218 610; x_wconf 86' lang='lat' dir='ltr'>res</span> <span class='ocrx_word' id='word_1_48' title='bbox 249 572 483 610; x_wconf 79' lang='lat' dir='ltr'>Hannibalis</span> <span class='ocrx_word' id='word_1_49' title='bbox 516 576 748 622; x_wconf 73' lang='lat' dir='ltr'>persecutus</span> <span class='ocrx_word' id='word_1_50' title='bbox 773 577 850 610; x_wconf 78' lang='lat' dir='ltr'>est:</span> <span class='ocrx_word' id='word_1_51' title='bbox 900 571 1173 616; x_wconf 80' lang='lat' dir='ltr'>Hannibalem,</span> <span class='ocrx_word' id='word_1_52' title='bbox 1207 586 1296 611; x_wconf 76' lang='lat' dir='ltr'>eum</span> <span class='ocrx_word' id='word_1_53' title='bbox 1321 574 1494 624; x_wconf 73' lang='lat' dir='ltr'>cepisset</span> <span class='ocrx_word' id='word_1_54' title='bbox 1520 574 1669 623; x_wconf 82' lang='lat' dir='ltr'>Sagun-</span> 
     </span>
     <span class='ocr_line' id='line_1_9' title="bbox 154 639 1671 684; baseline -0.001 -6"><span class='ocrx_word' id='word_1_55' title='bbox 154 645 248 684; x_wconf 86' lang='lat' dir='ltr'>tum,</span> <span class='ocrx_word' id='word_1_56' title='bbox 281 641 409 678; x_wconf 90' lang='lat' dir='ltr'>uisum</span> <span class='ocrx_word' id='word_1_57' title='bbox 441 652 525 677; x_wconf 74' lang='lat' dir='ltr'>esse</span> <span class='ocrx_word' id='word_1_58' title='bbox 551 641 589 677; x_wconf 91' lang='lat' dir='ltr'>in</span> <span class='ocrx_word' id='word_1_59' title='bbox 621 641 771 677; x_wconf 81' lang='lat' dir='ltr'>somnis</span> <span class='ocrx_word' id='word_1_60' title='bbox 793 653 811 677; x_wconf 83' lang='lat' dir='ltr'>a</span> <span class='ocrx_word' id='word_1_61' title='bbox 836 639 928 677; x_wconf 64' lang='lat'>[0110</span> <span class='ocrx_word' id='word_1_62' title='bbox 953 641 992 677; x_wconf 88' lang='lat' dir='ltr'>in</span> <span class='ocrx_word' id='word_1_63' title='bbox 1016 640 1178 678; x_wconf 75' lang='lat' dir='ltr'>deorum</span> <span class='ocrx_word' id='word_1_64' title='bbox 1203 641 1419 679; x_wconf 70' lang='lat' dir='ltr'>concilium</span> <span class='ocrx_word' id='word_1_65' title='bbox 1445 641 1593 678; x_wconf 76' lang='lat' dir='ltr'>uocari.</span> <span class='ocrx_word' id='word_1_66' title='bbox 1616 663 1671 666; x_wconf 30' lang='grc' dir='ltr'>»ἡ</span> 
     </span>
    </p>
   </div>
   <div class='ocr_carea' id='block_1_5' title="bbox 1698 440 1763 444">
    <p class='ocr_par' dir='ltr' id='par_1_6' title="bbox 1698 440 1763 444">
     <span class='ocr_line' id='line_1_10' title="bbox 1698 440 1763 444; baseline 0 0"><span class='ocrx_word' id='word_1_67' title='bbox 1698 440 1763 444; x_wconf 95' lang='lat' dir='ltr'> </span> 
     </span>
    </p>
   </div>
   <div class='ocr_carea' id='block_1_6' title="bbox 150 706 1671 1367">
    <p class='ocr_par' dir='ltr' id='par_1_7' title="bbox 150 706 1671 1367">
     <span class='ocr_line' id='line_1_11' title="bbox 152 706 1669 758; baseline 0.001 -14"><span class='ocrx_word' id='word_1_68' title='bbox 152 720 228 758; x_wconf 80' lang='lat' dir='ltr'>quo</span> <span class='ocrx_word' id='word_1_69' title='bbox 260 720 349 746; x_wconf 75' lang='lat' dir='ltr'>eum</span> <span class='ocrx_word' id='word_1_70' title='bbox 382 709 569 751; x_wconf 80' lang='lat' dir='ltr'>uenisset,</span> <span class='ocrx_word' id='word_1_71' title='bbox 603 706 736 744; x_wconf 79' lang='lat' dir='ltr'>Iouem</span> <span class='ocrx_word' id='word_1_72' title='bbox 772 708 1044 758; x_wconf 79' lang='lat' dir='ltr'>imperauisse,</span> <span class='ocrx_word' id='word_1_73' title='bbox 1081 713 1121 745; x_wconf 84' lang='lat' dir='ltr'>ut</span> <span class='ocrx_word' id='word_1_74' title='bbox 1143 707 1280 746; x_wconf 78' lang='lat' dir='ltr'>Italiae</span> <span class='ocrx_word' id='word_1_75' title='bbox 1307 707 1456 746; x_wconf 88' lang='lat' dir='ltr'>bellum</span> <span class='ocrx_word' id='word_1_76' title='bbox 1489 708 1669 752; x_wconf 82' lang='lat' dir='ltr'>inferret,</span> 
     </span>
     <span class='ocr_line' id='line_1_12' title="bbox 153 774 1670 826; baseline 0.001 -14"><span class='ocrx_word' id='word_1_77' title='bbox 153 775 370 826; x_wconf 81' lang='lat' dir='ltr'>ducemque</span> <span class='ocrx_word' id='word_1_78' title='bbox 403 776 438 813; x_wconf 81' lang='lat' dir='ltr'>ei</span> <span class='ocrx_word' id='word_1_79' title='bbox 481 787 602 813; x_wconf 90' lang='lat' dir='ltr'>unum</span> <span class='ocrx_word' id='word_1_80' title='bbox 636 788 655 812; x_wconf 70' lang='grc' dir='ltr'>υ</span> <span class='ocrx_word' id='word_1_81' title='bbox 688 774 861 813; x_wconf 78' lang='lat' dir='ltr'>concilio</span> <span class='ocrx_word' id='word_1_82' title='bbox 893 774 1049 819; x_wconf 72' lang='lat' dir='ltr'>(latinu,</span> <span class='ocrx_word' id='word_1_83' title='bbox 1091 787 1168 826; x_wconf 75' lang='lat' dir='ltr'>quo</span> <span class='ocrx_word' id='word_1_84' title='bbox 1210 775 1320 813; x_wconf 86' lang='lat' dir='ltr'>illum</span> <span class='ocrx_word' id='word_1_85' title='bbox 1365 780 1540 813; x_wconf 84' lang='lat' dir='ltr'>utentem</span> <span class='ocrx_word' id='word_1_86' title='bbox 1582 788 1670 813; x_wconf 76' lang='lat' dir='ltr'>cum</span> 
     </span>
     <span class='ocr_line' id='line_1_13' title="bbox 153 842 1669 893; baseline 0.001 -14"><span class='ocrx_word' id='word_1_87' title='bbox 153 844 332 881; x_wconf 68' lang='lat' dir='ltr'>exercitu</span> <span class='ocrx_word' id='word_1_88' title='bbox 377 843 565 893; x_wconf 73' lang='lat' dir='ltr'>progredi</span> <span class='ocrx_word' id='word_1_89' title='bbox 605 843 796 892; x_wconf 75' lang='lat' dir='ltr'>coepisse.</span> <span class='ocrx_word' id='word_1_90' title='bbox 861 847 942 880; x_wconf 90' lang='lat' dir='ltr'>tum</span> <span class='ocrx_word' id='word_1_91' title='bbox 981 843 1018 880; x_wconf 88' lang='lat' dir='ltr'>ei</span> <span class='ocrx_word' id='word_1_92' title='bbox 1059 842 1199 881; x_wconf 78' lang='lat' dir='ltr'>ducem</span> <span class='ocrx_word' id='word_1_93' title='bbox 1246 842 1357 880; x_wconf 92' lang='lat' dir='ltr'>illum</span> <span class='ocrx_word' id='word_1_94' title='bbox 1404 844 1669 893; x_wconf 64' lang='lat' dir='ltr'>praecepisse,</span> 
     </span>
     <span class='ocr_line' id='line_1_14' title="bbox 156 909 1670 961; baseline 0 -13"><span class='ocrx_word' id='word_1_95' title='bbox 156 922 204 948; x_wconf 88' lang='lat' dir='ltr'>ne</span> <span class='ocrx_word' id='word_1_96' title='bbox 236 911 468 961; x_wconf 70' lang='lat' dir='ltr'><strong>respiceret,</strong></span> <span class='ocrx_word' id='word_1_97' title='bbox 502 910 614 948; x_wconf 86' lang='lat' dir='ltr'>illum</span> <span class='ocrx_word' id='word_1_98' title='bbox 645 914 777 948; x_wconf 84' lang='lat' dir='ltr'>autem</span> <span class='ocrx_word' id='word_1_99' title='bbox 810 909 847 947; x_wconf 93' lang='lat' dir='ltr'>id</span> <span class='ocrx_word' id='word_1_100' title='bbox 871 909 1021 948; x_wconf 90' lang='lat' dir='ltr'>diutius</span> <span class='ocrx_word' id='word_1_101' title='bbox 1045 911 1175 948; x_wconf 81' lang='lat' dir='ltr'>facere</span> <span class='ocrx_word' id='word_1_102' title='bbox 1198 922 1277 947; x_wconf 86' lang='lat' dir='ltr'>non</span> <span class='ocrx_word' id='word_1_103' title='bbox 1306 911 1482 961; x_wconf 82' lang='lat' dir='ltr'>potuisse</span> <span class='ocrx_word' id='word_1_104' title='bbox 1505 910 1670 948; x_wconf 80' lang='lat' dir='ltr'>elatum-</span> 
     </span>
     <span class='ocr_line' id='line_1_15' title="bbox 152 976 1669 1028; baseline 0.001 -14"><span class='ocrx_word' id='word_1_105' title='bbox 152 990 226 1028; x_wconf 81' lang='lat' dir='ltr'>que</span> <span class='ocrx_word' id='word_1_106' title='bbox 259 977 475 1028; x_wconf 78' lang='lat' dir='ltr'>cupiditate</span> <span class='ocrx_word' id='word_1_107' title='bbox 509 979 748 1028; x_wconf 71' lang='lat' dir='ltr'>respexisse:</span> <span class='ocrx_word' id='word_1_108' title='bbox 794 982 875 1015; x_wconf 90' lang='lat' dir='ltr'>tum</span> <span class='ocrx_word' id='word_1_109' title='bbox 917 979 1043 1015; x_wconf 83' lang='lat' dir='ltr'>uisam</span> <span class='ocrx_word' id='word_1_110' title='bbox 1085 976 1241 1015; x_wconf 80' lang='lat' dir='ltr'>beluam</span> <span class='ocrx_word' id='word_1_111' title='bbox 1282 982 1431 1016; x_wconf 81' lang='lat' dir='ltr'>uastam</span> <span class='ocrx_word' id='word_1_112' title='bbox 1463 983 1501 1015; x_wconf 83' lang='lat' dir='ltr'>et</span> <span class='ocrx_word' id='word_1_113' title='bbox 1533 979 1669 1015; x_wconf 84' lang='lat' dir='ltr'>imma-</span> 
     </span>
     <span class='ocr_line' id='line_1_16' title="bbox 152 1044 1670 1096; baseline -0.001 -13"><span class='ocrx_word' id='word_1_114' title='bbox 152 1057 262 1089; x_wconf 87' lang='lat' dir='ltr'>nem,</span> <span class='ocrx_word' id='word_1_115' title='bbox 302 1045 644 1096; x_wconf 74' lang='lat' dir='ltr'>circumplicatam</span> <span class='ocrx_word' id='word_1_116' title='bbox 683 1044 958 1095; x_wconf 68' lang='lat' dir='ltr'>serpentibus,</span> <span class='ocrx_word' id='word_1_117' title='bbox 1001 1057 1236 1095; x_wconf 76' lang='lat' dir='ltr'>quacunque</span> <span class='ocrx_word' id='word_1_118' title='bbox 1269 1045 1493 1088; x_wconf 73' lang='lat' dir='ltr'>incederet,</span> <span class='ocrx_word' id='word_1_119' title='bbox 1537 1046 1670 1083; x_wconf 84' lang='lat' dir='ltr'>omnia</span> 
     </span>
     <span class='ocr_line' id='line_1_17' title="bbox 151 1112 1671 1163; baseline 0 -13"><span class='ocrx_word' id='word_1_120' title='bbox 151 1112 327 1156; x_wconf 76' lang='lat' dir='ltr'>arbusta,</span> <span class='ocrx_word' id='word_1_121' title='bbox 362 1112 547 1161; x_wconf 64' lang='lat' dir='ltr'>uirgulta,</span> <span class='ocrx_word' id='word_1_122' title='bbox 581 1117 684 1150; x_wconf 77' lang='lat' dir='ltr'>tecta</span> <span class='ocrx_word' id='word_1_123' title='bbox 718 1116 963 1163; x_wconf 76' lang='lat' dir='ltr'>peruertere.</span> <span class='ocrx_word' id='word_1_124' title='bbox 1016 1117 1166 1150; x_wconf 76' lang='lat' dir='ltr'>etcum</span> <span class='ocrx_word' id='word_1_125' title='bbox 1199 1112 1435 1152; x_wconf 86' lang='lat' dir='ltr'>admiratum</span> <span class='ocrx_word' id='word_1_126' title='bbox 1470 1114 1671 1163; x_wconf 79' lang='lat' dir='ltr'>quaesisse</span> 
     </span>
     <span class='ocr_line' id='line_1_18' title="bbox 151 1179 1670 1231; baseline 0.001 -14"><span class='ocrx_word' id='word_1_127' title='bbox 151 1180 197 1218; x_wconf 86' lang='lat' dir='ltr'>de</span> <span class='ocrx_word' id='word_1_128' title='bbox 229 1180 322 1225; x_wconf 82' lang='lat' dir='ltr'>deo,</span> <span class='ocrx_word' id='word_1_129' title='bbox 362 1179 560 1231; x_wconf 76' lang='lat' dir='ltr'>quodnam</span> <span class='ocrx_word' id='word_1_130' title='bbox 601 1179 698 1217; x_wconf 91' lang='lat' dir='ltr'>illud</span> <span class='ocrx_word' id='word_1_131' title='bbox 738 1184 841 1217; x_wconf 64' lang='lat' dir='ltr'>esset</span> <span class='ocrx_word' id='word_1_132' title='bbox 881 1179 955 1217; x_wconf 83' lang='lat' dir='ltr'>tale</span> <span class='ocrx_word' id='word_1_133' title='bbox 997 1186 1236 1217; x_wconf 85' lang='lat' dir='ltr'>monstrum:</span> <span class='ocrx_word' id='word_1_134' title='bbox 1288 1186 1326 1218; x_wconf 79' lang='lat' dir='ltr'>et</span> <span class='ocrx_word' id='word_1_135' title='bbox 1357 1180 1474 1219; x_wconf 81' lang='lat' dir='ltr'>deum</span> <span class='ocrx_word' id='word_1_136' title='bbox 1506 1192 1670 1231; x_wconf 80' lang='lat' dir='ltr'>respon-</span> 
     </span>
     <span class='ocr_line' id='line_1_19' title="bbox 153 1247 1670 1299; baseline 0 -14"><span class='ocrx_word' id='word_1_137' title='bbox 153 1247 270 1291; x_wconf 83' lang='lat' dir='ltr'>disse,</span> <span class='ocrx_word' id='word_1_138' title='bbox 305 1249 528 1286; x_wconf 67' lang='lat' dir='ltr'>uastitatem</span> <span class='ocrx_word' id='word_1_139' title='bbox 553 1260 637 1285; x_wconf 69' lang='lat' dir='ltr'>essov</span> <span class='ocrx_word' id='word_1_140' title='bbox 664 1247 814 1291; x_wconf 80' lang='lat' dir='ltr'>Italiae,</span> <span class='ocrx_word' id='word_1_141' title='bbox 848 1248 1178 1298; x_wconf 73' lang='lat' dir='ltr'>praecepisseque</span> <span class='ocrx_word' id='word_1_142' title='bbox 1202 1252 1244 1285; x_wconf 84' lang='lat' dir='ltr'>ut</span> <span class='ocrx_word' id='word_1_143' title='bbox 1266 1252 1452 1299; x_wconf 79' lang='lat' dir='ltr'>pergeret</span> <span class='ocrx_word' id='word_1_144' title='bbox 1474 1249 1670 1298; x_wconf 84' lang='lat' dir='ltr'>protinus.</span> 
     </span>
     <span class='ocr_line' id='line_1_20' title="bbox 150 1314 1227 1367; baseline -0.001 -14"><span class='ocrx_word' id='word_1_145' title='bbox 150 1315 246 1367; x_wconf 84' lang='lat' dir='ltr'>quid</span> <span class='ocrx_word' id='word_1_146' title='bbox 278 1320 387 1353; x_wconf 83' lang='lat' dir='ltr'>retro</span> <span class='ocrx_word' id='word_1_147' title='bbox 419 1320 535 1366; x_wconf 81' lang='lat' dir='ltr'>atque</span> <span class='ocrx_word' id='word_1_148' title='bbox 567 1329 587 1353; x_wconf 92' lang='lat' dir='ltr'>a</span> <span class='ocrx_word' id='word_1_149' title='bbox 621 1320 731 1364; x_wconf 71' lang='lat' dir='ltr'>tergo</span> <span class='ocrx_word' id='word_1_150' title='bbox 764 1317 898 1358; x_wconf 79' lang='lat' dir='ltr'>lieret,</span> <span class='ocrx_word' id='word_1_151' title='bbox 932 1327 980 1352; x_wconf 81' lang='lat' dir='ltr'>ne</span> <span class='ocrx_word' id='word_1_152' title='bbox 1012 1314 1227 1353; x_wconf 72' lang='lat' dir='ltr'>laboraret.</span> 
     </span>
    </p>
   </div>
   <div class='ocr_carea' id='block_1_7' title="bbox 150 1412 315 1415">
    <p class='ocr_par' dir='ltr' id='par_1_8' title="bbox 150 1412 315 1415">
     <span class='ocr_line' id='line_1_21' title="bbox 150 1412 315 1415; baseline 0 0"><span class='ocrx_word' id='word_1_153' title='bbox 150 1412 315 1415; x_wconf 95' lang='lat' dir='ltr'> </span> 
     </span>
    </p>
   </div>
   <div class='ocr_carea' id='block_1_8' title="bbox 150 1471 1671 2189">
    <p class='ocr_par' dir='ltr' id='par_1_9' title="bbox 150 1471 1670 1513">
     <span class='ocr_line' id='line_1_22' title="bbox 150 1471 1670 1513; baseline 0 -10"><span class='ocrx_word' id='word_1_154' title='bbox 150 1473 368 1505; x_wconf 72' lang='lat' dir='ltr'>Romanorum</span> <span class='ocrx_word' id='word_1_155' title='bbox 408 1474 624 1512; x_wconf 70' lang='lat' dir='ltr'>rettulerant,</span> <span class='ocrx_word' id='word_1_156' title='bbox 666 1483 731 1513; x_wconf 72' lang='lat' dir='ltr'>qua</span> <span class='ocrx_word' id='word_1_157' title='bbox 770 1472 1101 1512; x_wconf 60' lang='lat' dir='ltr'>Carthaginiensibus</span> <span class='ocrx_word' id='word_1_158' title='bbox 1138 1472 1253 1503; x_wconf 76' lang='lat' dir='ltr'>bellum</span> <span class='ocrx_word' id='word_1_159' title='bbox 1290 1473 1446 1503; x_wconf 74' lang='lat' dir='ltr'>indic-lum</span> <span class='ocrx_word' id='word_1_160' title='bbox 1483 1476 1543 1503; x_wconf 78' lang='lat' dir='ltr'>est.</span> <span class='ocrx_word' id='word_1_161' title='bbox 1594 1471 1670 1503; x_wconf 49' lang='grc' dir='ltr'><em>[Δία.</em></span> 
     </span>
    </p>

    <p class='ocr_par' dir='ltr' id='par_1_10' title="bbox 150 1559 1671 2189">
     <span class='ocr_line' id='line_1_23' title="bbox 239 1559 1671 1603; baseline -0.002 -9"><span class='ocrx_word' id='word_1_162' title='bbox 239 1559 297 1594; x_wconf 88' lang='grc'>11.</span> <span class='ocrx_word' id='word_1_163' title='bbox 324 1562 459 1602; x_wconf 75' lang='lat' dir='ltr'>(·f&#39;.Lz&#39;1t.</span> <span class='ocrx_word' id='word_1_164' title='bbox 483 1562 572 1593; x_wconf 81' lang='lat' dir='ltr'>XXI</span> <span class='ocrx_word' id='word_1_165' title='bbox 598 1564 652 1599; x_wconf 73' lang='lat'>22,</span> <span class='ocrx_word' id='word_1_166' title='bbox 675 1563 711 1593; x_wconf 80' lang='lat'>5:</span> <span class='ocrx_word' id='word_1_167' title='bbox 740 1561 792 1593; x_wconf 89' lang='lat' dir='ltr'>Ab</span> <span class='ocrx_word' id='word_1_168' title='bbox 809 1560 975 1593; x_wconf 80' lang='lat' dir='ltr'>Gadibus</span> <span class='ocrx_word' id='word_1_169' title='bbox 994 1561 1254 1603; x_wconf 67' lang='lat' dir='ltr'>Carthaginem</span> <span class='ocrx_word' id='word_1_170' title='bbox 1282 1561 1327 1592; x_wconf 88' lang='lat' dir='ltr'>ad</span> <span class='ocrx_word' id='word_1_171' title='bbox 1354 1561 1506 1593; x_wconf 81' lang='lat' dir='ltr'>hiberna</span> <span class='ocrx_word' id='word_1_172' title='bbox 1533 1561 1671 1592; x_wconf 82' lang='lat' dir='ltr'>exerei-</span> 
     </span>
     <span class='ocr_line' id='line_1_24' title="bbox 150 1607 1671 1649; baseline -0.001 -12"><span class='ocrx_word' id='word_1_173' title='bbox 150 1612 208 1638; x_wconf 83' lang='lat' dir='ltr'>tus</span> <span class='ocrx_word' id='word_1_174' title='bbox 223 1607 327 1640; x_wconf 88' lang='lat' dir='ltr'>redit.</span> <span class='ocrx_word' id='word_1_175' title='bbox 362 1611 472 1648; x_wconf 82' lang='lat' dir='ltr'>atque</span> <span class='ocrx_word' id='word_1_176' title='bbox 494 1607 576 1638; x_wconf 89' lang='lat' dir='ltr'>inde</span> <span class='ocrx_word' id='word_1_177' title='bbox 598 1607 783 1647; x_wconf 85' lang='lat' dir='ltr'>profectus</span> <span class='ocrx_word' id='word_1_178' title='bbox 805 1611 951 1649; x_wconf 80' lang='lat' dir='ltr'>praet-er</span> <span class='ocrx_word' id='word_1_179' title='bbox 966 1608 1192 1638; x_wconf 75' lang='lat' dir='ltr'>maritumam</span> <span class='ocrx_word' id='word_1_180' title='bbox 1209 1617 1306 1638; x_wconf 80' lang='lat' dir='ltr'>oram</span> <span class='ocrx_word' id='word_1_181' title='bbox 1322 1608 1529 1638; x_wconf 77' lang='lat' dir='ltr'>Etouissam</span> <span class='ocrx_word' id='word_1_182' title='bbox 1546 1607 1671 1637; x_wconf 84' lang='lat' dir='ltr'>urbem</span> 
     </span>
     <span class='ocr_line' id='line_1_25' title="bbox 151 1652 1669 1693; baseline -0.001 -10"><span class='ocrx_word' id='word_1_183' title='bbox 151 1652 197 1683; x_wconf 83' lang='lat' dir='ltr'>ad</span> <span class='ocrx_word' id='word_1_184' title='bbox 229 1653 403 1684; x_wconf 88' lang='lat' dir='ltr'>Hiberum</span> <span class='ocrx_word' id='word_1_185' title='bbox 442 1652 553 1683; x_wconf 83' lang='lat' dir='ltr'>ducit.</span> <span class='ocrx_word' id='word_1_186' title='bbox 604 1652 653 1682; x_wconf 88' lang='lat' dir='ltr'>ibi</span> <span class='ocrx_word' id='word_1_187' title='bbox 692 1653 789 1683; x_wconf 82' lang='lat' dir='ltr'>fama</span> <span class='ocrx_word' id='word_1_188' title='bbox 822 1656 877 1683; x_wconf 79' lang='lat' dir='ltr'>est</span> <span class='ocrx_word' id='word_1_189' title='bbox 917 1653 957 1682; x_wconf 91' lang='lat' dir='ltr'>in</span> <span class='ocrx_word' id='word_1_190' title='bbox 992 1652 1146 1693; x_wconf 83' lang='lat' dir='ltr'>quiete</span> <span class='ocrx_word' id='word_1_191' title='bbox 1182 1652 1321 1683; x_wconf 88' lang='lat' dir='ltr'>uisum</span> <span class='ocrx_word' id='word_1_192' title='bbox 1355 1653 1400 1683; x_wconf 83' lang='lat' dir='ltr'>ab</span> <span class='ocrx_word' id='word_1_193' title='bbox 1429 1662 1469 1682; x_wconf 85' lang='lat' dir='ltr'>eo</span> <span class='ocrx_word' id='word_1_194' title='bbox 1502 1652 1669 1682; x_wconf 75' lang='lat' dir='ltr'>iuuenem</span> 
     </span>
     <span class='ocr_line' id='line_1_26' title="bbox 151 1696 1671 1739; baseline -0.001 -11"><span class='ocrx_word' id='word_1_195' title='bbox 151 1697 274 1728; x_wconf 74' lang='lat' dir='ltr'>diuina,</span> <span class='ocrx_word' id='word_1_196' title='bbox 300 1698 439 1739; x_wconf 74' lang='lat' dir='ltr'>specie,</span> <span class='ocrx_word' id='word_1_197' title='bbox 468 1697 527 1738; x_wconf 88' lang='lat' dir='ltr'>qui</span> <span class='ocrx_word' id='word_1_198' title='bbox 553 1707 591 1727; x_wconf 85' lang='lat' dir='ltr'>se</span> <span class='ocrx_word' id='word_1_199' title='bbox 619 1697 663 1727; x_wconf 81' lang='lat' dir='ltr'>ab</span> <span class='ocrx_word' id='word_1_200' title='bbox 689 1697 773 1728; x_wconf 88' lang='lat' dir='ltr'>Ioue</span> <span class='ocrx_word' id='word_1_201' title='bbox 801 1697 940 1728; x_wconf 78' lang='lat' dir='ltr'>diceret</span> <span class='ocrx_word' id='word_1_202' title='bbox 966 1697 1092 1728; x_wconf 81' lang='lat' dir='ltr'>ducem</span> <span class='ocrx_word' id='word_1_203' title='bbox 1126 1697 1162 1727; x_wconf 92' lang='lat' dir='ltr'>in</span> <span class='ocrx_word' id='word_1_204' title='bbox 1190 1697 1335 1728; x_wconf 82' lang='lat' dir='ltr'>Italiam</span> <span class='ocrx_word' id='word_1_205' title='bbox 1362 1696 1561 1728; x_wconf 80' lang='lat' dir='ltr'>Hannibali</span> <span class='ocrx_word' id='word_1_206' title='bbox 1588 1697 1671 1726; x_wconf 85' lang='lat' dir='ltr'>mis-</span> 
     </span>
     <span class='ocr_line' id='line_1_27' title="bbox 150 1741 1671 1784; baseline -0.001 -11"><span class='ocrx_word' id='word_1_207' title='bbox 150 1753 245 1773; x_wconf 87' lang='lat' dir='ltr'>sum:</span> <span class='ocrx_word' id='word_1_208' title='bbox 278 1742 429 1784; x_wconf 82' lang='lat' dir='ltr'>proinde</span> <span class='ocrx_word' id='word_1_209' title='bbox 463 1746 679 1782; x_wconf 74' lang='lat' dir='ltr'>sequeretur</span> <span class='ocrx_word' id='word_1_210' title='bbox 712 1752 830 1783; x_wconf 83' lang='lat' dir='ltr'>neque</span> <span class='ocrx_word' id='word_1_211' title='bbox 864 1752 1015 1783; x_wconf 84' lang='lat' dir='ltr'>usquam</span> <span class='ocrx_word' id='word_1_212' title='bbox 1043 1752 1063 1772; x_wconf 89' lang='lat' dir='ltr'>a</span> <span class='ocrx_word' id='word_1_213' title='bbox 1090 1752 1125 1772; x_wconf 84' lang='lat' dir='ltr'>se</span> <span class='ocrx_word' id='word_1_214' title='bbox 1154 1741 1359 1773; x_wconf 82' lang='lat' dir='ltr'>deflecteret</span> <span class='ocrx_word' id='word_1_215' title='bbox 1384 1742 1521 1774; x_wconf 50' lang='lat' dir='ltr'>oeulos</span> <span class='ocrx_word' id='word_1_216' title='bbox 1569 1741 1671 1783; x_wconf 85' lang='lat' dir='ltr'>paui—</span> 
     </span>
     <span class='ocr_line' id='line_1_28' title="bbox 150 1786 1669 1828; baseline -0.001 -10"><span class='ocrx_word' id='word_1_217' title='bbox 150 1788 231 1818; x_wconf 88' lang='lat' dir='ltr'>dum</span> <span class='ocrx_word' id='word_1_218' title='bbox 259 1788 371 1828; x_wconf 88' lang='lat' dir='ltr'>primo</span> <span class='ocrx_word' id='word_1_219' title='bbox 391 1797 566 1828; x_wconf 83' lang='lat' dir='ltr'>nusquam</span> <span class='ocrx_word' id='word_1_220' title='bbox 586 1787 942 1828; x_wconf 68' lang='lat' dir='ltr'>eii-eumspicientem</span> <span class='ocrx_word' id='word_1_221' title='bbox 971 1790 1035 1818; x_wconf 81' lang='lat' dir='ltr'>aut</span> <span class='ocrx_word' id='word_1_222' title='bbox 1060 1787 1315 1828; x_wconf 72' lang='lat' dir='ltr'>respicientem</span> <span class='ocrx_word' id='word_1_223' title='bbox 1335 1790 1512 1826; x_wconf 76' lang='lat' dir='ltr'>secutum,</span> <span class='ocrx_word' id='word_1_224' title='bbox 1540 1786 1669 1817; x_wconf 85' lang='lat' dir='ltr'>deinde</span> 
     </span>
     <span class='ocr_line' id='line_1_29' title="bbox 150 1831 1670 1873; baseline -0.001 -10"><span class='ocrx_word' id='word_1_225' title='bbox 150 1843 236 1863; x_wconf 78' lang='lat' dir='ltr'>cura</span> <span class='ocrx_word' id='word_1_226' title='bbox 268 1832 407 1873; x_wconf 80' lang='lat' dir='ltr'>ingenii</span> <span class='ocrx_word' id='word_1_227' title='bbox 434 1831 599 1870; x_wconf 87' lang='lat' dir='ltr'>humani,</span> <span class='ocrx_word' id='word_1_228' title='bbox 634 1841 728 1867; x_wconf 85' lang='lat' dir='ltr'>eum,</span> <span class='ocrx_word' id='word_1_229' title='bbox 757 1832 928 1872; x_wconf 85' lang='lat' dir='ltr'>quidnam</span> <span class='ocrx_word' id='word_1_230' title='bbox 954 1831 987 1862; x_wconf 88' lang='lat' dir='ltr'>id</span> <span class='ocrx_word' id='word_1_231' title='bbox 1015 1834 1112 1863; x_wconf 80' lang='lat' dir='ltr'>esset</span> <span class='ocrx_word' id='word_1_232' title='bbox 1137 1831 1231 1873; x_wconf 87' lang='lat' dir='ltr'>quod</span> <span class='ocrx_word' id='word_1_233' title='bbox 1264 1832 1498 1872; x_wconf 81' lang='lat' dir='ltr'>respicere</span> <span class='ocrx_word' id='word_1_234' title='bbox 1531 1831 1670 1862; x_wconf 78' lang='lat' dir='ltr'>uetitus</span> 
     </span>
     <span class='ocr_line' id='line_1_30' title="bbox 151 1876 1668 1918; baseline -0.001 -10"><span class='ocrx_word' id='word_1_235' title='bbox 151 1880 260 1914; x_wconf 83' lang='lat' dir='ltr'>esset,</span> <span class='ocrx_word' id='word_1_236' title='bbox 288 1877 446 1918; x_wconf 81' lang='lat' dir='ltr'>agitaret</span> <span class='ocrx_word' id='word_1_237' title='bbox 471 1877 602 1917; x_wconf 88' lang='lat' dir='ltr'>animo,</span> <span class='ocrx_word' id='word_1_238' title='bbox 630 1881 889 1918; x_wconf 86' lang='lat' dir='ltr'>temperare</span> <span class='ocrx_word' id='word_1_239' title='bbox 916 1877 1065 1908; x_wconf 78' lang='lat' dir='ltr'>oeulis</span> <span class='ocrx_word' id='word_1_240' title='bbox 1091 1877 1357 1918; x_wconf 85' lang='lat' dir='ltr'>nequiuisse</span> <span class='ocrx_word' id='word_1_241' title='bbox 1385 1887 1498 1916; x_wconf 85' lang='lat' dir='ltr'>eum,</span> <span class='ocrx_word' id='word_1_242' title='bbox 1533 1876 1668 1907; x_wconf 85' lang='lat' dir='ltr'>uidisse</span> 
     </span>
     <span class='ocr_line' id='line_1_31' title="bbox 150 1922 1668 1963; baseline -0.001 -11"><span class='ocrx_word' id='word_1_243' title='bbox 150 1926 232 1963; x_wconf 81' lang='lat' dir='ltr'>post</span> <span class='ocrx_word' id='word_1_244' title='bbox 257 1932 337 1954; x_wconf 86' lang='lat' dir='ltr'>sese</span> <span class='ocrx_word' id='word_1_245' title='bbox 365 1925 570 1963; x_wconf 82' lang='lat' dir='ltr'>serpentem</span> <span class='ocrx_word' id='word_1_246' title='bbox 597 1922 685 1952; x_wconf 73' lang='lat' dir='ltr'>mira</span> <span class='ocrx_word' id='word_1_247' title='bbox 713 1922 965 1963; x_wconf 80' lang='lat' dir='ltr'>magnitudine</span> <span class='ocrx_word' id='word_1_248' title='bbox 992 1932 1070 1953; x_wconf 82' lang='lat' dir='ltr'>cum</span> <span class='ocrx_word' id='word_1_249' title='bbox 1097 1922 1240 1963; x_wconf 82' lang='lat' dir='ltr'>ingenti</span> <span class='ocrx_word' id='word_1_250' title='bbox 1273 1922 1479 1954; x_wconf 82' lang='lat' dir='ltr'>arborum</span> <span class='ocrx_word' id='word_1_251' title='bbox 1505 1932 1554 1952; x_wconf 85' lang='lat' dir='ltr'>ac</span> <span class='ocrx_word' id='word_1_252' title='bbox 1580 1922 1668 1952; x_wconf 87' lang='lat' dir='ltr'>uir-</span> 
     </span>
     <span class='ocr_line' id='line_1_32' title="bbox 151 1966 1667 2008; baseline -0.001 -10"><span class='ocrx_word' id='word_1_253' title='bbox 151 1966 374 2007; x_wconf 80' lang='lat' dir='ltr'>gultorum</span> <span class='ocrx_word' id='word_1_254' title='bbox 406 1970 563 2007; x_wconf 82' lang='lat' dir='ltr'>strage</span> <span class='ocrx_word' id='word_1_255' title='bbox 603 1966 689 1998; x_wconf 90' lang='lat' dir='ltr'>ferri</span> <span class='ocrx_word' id='word_1_256' title='bbox 722 1977 763 1998; x_wconf 89' lang='lat' dir='ltr'>ac</span> <span class='ocrx_word' id='word_1_257' title='bbox 797 1970 878 2008; x_wconf 84' lang='lat' dir='ltr'>post</span> <span class='ocrx_word' id='word_1_258' title='bbox 910 1968 1053 2008; x_wconf 81' lang='lat' dir='ltr'>insequi</span> <span class='ocrx_word' id='word_1_259' title='bbox 1086 1977 1164 1997; x_wconf 83' lang='lat' dir='ltr'>eum</span> <span class='ocrx_word' id='word_1_260' title='bbox 1196 1967 1342 2007; x_wconf 77' lang='lat' dir='ltr'>fragore</span> <span class='ocrx_word' id='word_1_261' title='bbox 1376 1966 1468 1997; x_wconf 85' lang='lat' dir='ltr'>caeli</span> <span class='ocrx_word' id='word_1_262' title='bbox 1497 1966 1667 1997; x_wconf 84' lang='lat' dir='ltr'>nimbum.</span> 
     </span>
     <span class='ocr_line' id='line_1_33' title="bbox 150 2011 1669 2054; baseline -0.001 -11"><span class='ocrx_word' id='word_1_263' title='bbox 150 2017 242 2052; x_wconf 83' lang='lat' dir='ltr'>tum,</span> <span class='ocrx_word' id='word_1_264' title='bbox 271 2022 364 2054; x_wconf 81' lang='lat' dir='ltr'>quae</span> <span class='ocrx_word' id='word_1_265' title='bbox 389 2011 500 2043; x_wconf 86' lang='lat' dir='ltr'>moles</span> <span class='ocrx_word' id='word_1_266' title='bbox 526 2023 569 2043; x_wconf 86' lang='lat' dir='ltr'>ea</span> <span class='ocrx_word' id='word_1_267' title='bbox 588 2011 721 2053; x_wconf 84' lang='lat' dir='ltr'>quidue</span> <span class='ocrx_word' id='word_1_268' title='bbox 748 2012 906 2053; x_wconf 87' lang='lat' dir='ltr'>prodigii</span> <span class='ocrx_word' id='word_1_269' title='bbox 932 2015 1049 2050; x_wconf 83' lang='lat' dir='ltr'>esset,</span> <span class='ocrx_word' id='word_1_270' title='bbox 1077 2015 1312 2053; x_wconf 78' lang='lat' dir='ltr'>quaerentem</span> <span class='ocrx_word' id='word_1_271' title='bbox 1339 2012 1495 2051; x_wconf 48' lang='lat' dir='ltr'>audbse,</span> <span class='ocrx_word' id='word_1_272' title='bbox 1522 2012 1669 2042; x_wconf 86' lang='lat' dir='ltr'>uasti—</span> 
     </span>
     <span class='ocr_line' id='line_1_34' title="bbox 151 2056 1668 2098; baseline -0.002 -10"><span class='ocrx_word' id='word_1_273' title='bbox 151 2060 288 2088; x_wconf 83' lang='lat' dir='ltr'>tatem</span> <span class='ocrx_word' id='word_1_274' title='bbox 322 2056 493 2088; x_wconf 85' lang='lat' dir='ltr'>Italiae</span> <span class='ocrx_word' id='word_1_275' title='bbox 528 2066 645 2088; x_wconf 80' lang='lat' dir='ltr'>esse:</span> <span class='ocrx_word' id='word_1_276' title='bbox 681 2060 898 2098; x_wconf 81' lang='lat' dir='ltr'>pergeret</span> <span class='ocrx_word' id='word_1_277' title='bbox 930 2067 1063 2098; x_wconf 85' lang='lat' dir='ltr'>porro</span> <span class='ocrx_word' id='word_1_278' title='bbox 1096 2057 1146 2087; x_wconf 90' lang='lat' dir='ltr'>ire</span> <span class='ocrx_word' id='word_1_279' title='bbox 1181 2067 1247 2088; x_wconf 85' lang='lat' dir='ltr'>nee</span> <span class='ocrx_word' id='word_1_280' title='bbox 1274 2057 1370 2087; x_wconf 79' lang='lat' dir='ltr'>ultra</span> <span class='ocrx_word' id='word_1_281' title='bbox 1398 2056 1597 2096; x_wconf 87' lang='lat' dir='ltr'>inquireret</span> <span class='ocrx_word' id='word_1_282' title='bbox 1623 2056 1668 2085; x_wconf 84' lang='lat' dir='ltr'>si-</span> 
     </span>
     <span class='ocr_line' id='line_1_35' title="bbox 151 2101 1668 2143; baseline -0.002 -11"><span class='ocrx_word' id='word_1_283' title='bbox 151 2105 323 2143; x_wconf 84' lang='lat' dir='ltr'>neretque</span> <span class='ocrx_word' id='word_1_284' title='bbox 358 2102 436 2133; x_wconf 82' lang='lat' dir='ltr'>fata</span> <span class='ocrx_word' id='word_1_285' title='bbox 468 2102 504 2132; x_wconf 87' lang='lat' dir='ltr'>in</span> <span class='ocrx_word' id='word_1_286' title='bbox 536 2101 680 2133; x_wconf 73' lang='lat' dir='ltr'>occulto</span> <span class='ocrx_word' id='word_1_287' title='bbox 712 2112 804 2134; x_wconf 79' lang='lat' dir='ltr'>esse.</span> <span class='ocrx_word' id='word_1_288' title='bbox 854 2102 916 2140; x_wconf 57' lang='grc' dir='ltr'>(ρας</span> <span class='ocrx_word' id='word_1_289' title='bbox 941 2112 979 2133; x_wconf 82' lang='lat' dir='ltr'>eo</span> <span class='ocrx_word' id='word_1_290' title='bbox 1010 2102 1125 2133; x_wconf 80' lang='lat' dir='ltr'>Valer.</span> <span class='ocrx_word' id='word_1_291' title='bbox 1154 2102 1251 2133; x_wconf 59' lang='lat' dir='ltr'>Mam.</span> <span class='ocrx_word' id='word_1_292' title='bbox 1280 2102 1298 2132; x_wconf 89' lang='lat' dir='ltr'><em>l</em></span> <span class='ocrx_word' id='word_1_293' title='bbox 1325 2106 1394 2135; x_wconf 69' lang='lat' dir='ltr'>eccl,</span> <span class='ocrx_word' id='word_1_294' title='bbox 1426 2103 1449 2132; x_wconf 80' lang='grc'>1,</span> <span class='ocrx_word' id='word_1_295' title='bbox 1500 2101 1560 2132; x_wconf 79' lang='lat' dir='ltr'>Sil.</span> <span class='ocrx_word' id='word_1_296' title='bbox 1592 2101 1668 2131; x_wconf 80' lang='lat' dir='ltr'>Ital.</span> 
     </span>
     <span class='ocr_line' id='line_1_36' title="bbox 150 2140 1669 2189; baseline -0.001 -12"><span class='ocrx_word' id='word_1_297' title='bbox 150 2147 217 2178; x_wconf 88' lang='lat' dir='ltr'>III</span> <span class='ocrx_word' id='word_1_298' title='bbox 244 2147 448 2186; x_wconf 75' lang='lat'>168-214.)</span> <span class='ocrx_word' id='word_1_299' title='bbox 498 2147 621 2180; x_wconf 77' lang='lat' dir='ltr'>Zonar.</span> <span class='ocrx_word' id='word_1_300' title='bbox 655 2147 754 2178; x_wconf 90' lang='lat' dir='ltr'><em>VIII</em></span> <span class='ocrx_word' id='word_1_301' title='bbox 780 2148 821 2178; x_wconf 75' lang='lat'>22</span> <span class='ocrx_word' id='word_1_302' title='bbox 846 2158 881 2188; x_wconf 85' lang='lat' dir='ltr'>p.</span> <span class='ocrx_word' id='word_1_303' title='bbox 910 2148 970 2179; x_wconf 87' lang='grc'>181</span> <span class='ocrx_word' id='word_1_304' title='bbox 998 2144 1046 2189; x_wconf 81' lang='grc' dir='ltr'>τῷ</span> <span class='ocrx_word' id='word_1_305' title='bbox 1074 2143 1111 2178; x_wconf 68' lang='grc' dir='ltr'>δ’</span> <span class='ocrx_word' id='word_1_306' title='bbox 1136 2140 1284 2189; x_wconf 80' lang='grc' dir='ltr'><strong><em>Ἀννίβᾳ</em></strong></span> <span class='ocrx_word' id='word_1_307' title='bbox 1311 2145 1433 2187; x_wconf 76' lang='grc' dir='ltr'><em>θηρία</em></span> <span class='ocrx_word' id='word_1_308' title='bbox 1458 2140 1578 2177; x_wconf 80' lang='grc' dir='ltr'><em>πολλὰ</em></span> <span class='ocrx_word' id='word_1_309' title='bbox 1605 2142 1669 2176; x_wconf 69' lang='grc' dir='ltr'>καὶ</span> 
     </span>
    </p>
   </div>
   <div class='ocr_carea' id='block_1_9' title="bbox 266 2300 1666 2406">
    <p class='ocr_par' dir='ltr' id='par_1_11' title="bbox 266 2300 1666 2406">
     <span class='ocr_line' id='line_1_37' title="bbox 266 2300 853 2352; baseline 0 -11"><span class='ocrx_word' id='word_1_310' title='bbox 266 2300 338 2352; x_wconf 78' lang='grc'>10,</span> <span class='ocrx_word' id='word_1_311' title='bbox 371 2304 407 2340; x_wconf 81' lang='lat'>2.</span> <span class='ocrx_word' id='word_1_312' title='bbox 440 2305 523 2340; x_wconf 81' lang='lat' dir='ltr'>hist.</span> <span class='ocrx_word' id='word_1_313' title='bbox 557 2305 614 2340; x_wconf 92' lang='lat' dir='ltr'>lib’</span> <span class='ocrx_word' id='word_1_314' title='bbox 647 2305 659 2340; x_wconf 95' lang='grc' dir='ltr'>Ι</span> <span class='ocrx_word' id='word_1_315' title='bbox 691 2306 853 2352; x_wconf 72' lang='grc' dir='ltr'><em>Νεαροῖ.</em></span> 
     </span>
     <span class='ocr_line' id='line_1_38' title="bbox 266 2356 1666 2406; baseline -0.001 -9"><span class='ocrx_word' id='word_1_316' title='bbox 266 2356 338 2405; x_wconf 83' lang='lat' dir='ltr'>ll,</span> <span class='ocrx_word' id='word_1_317' title='bbox 371 2362 407 2397; x_wconf 81' lang='lat'>3.</span> <span class='ocrx_word' id='word_1_318' title='bbox 439 2362 523 2397; x_wconf 86' lang='lat' dir='ltr'>item</span> <span class='ocrx_word' id='word_1_319' title='bbox 554 2362 757 2398; x_wconf 74' lang='lat' dir='ltr'>Lambinus</span> <span class='ocrx_word' id='word_1_320' title='bbox 815 2361 906 2397; x_wconf 87' lang='lat' dir='ltr'>idem</span> <span class='ocrx_word' id='word_1_321' title='bbox 939 2363 1043 2397; x_wconf 79' lang='lat' dir='ltr'>codd.</span> <span class='ocrx_word' id='word_1_322' title='bbox 1079 2363 1217 2397; x_wconf 77' lang='lat' dir='ltr'>Christi</span> <span class='ocrx_word' id='word_1_323' title='bbox 1246 2363 1313 2396; x_wconf 75' lang='lat' dir='ltr'>secl</span> <span class='ocrx_word' id='word_1_324' title='bbox 1345 2362 1445 2398; x_wconf 80' lang='lat' dir='ltr'>Voss.</span> <span class='ocrx_word' id='word_1_325' title='bbox 1470 2362 1500 2396; x_wconf 73' lang='lat' dir='ltr'><em>A</em></span> <span class='ocrx_word' id='word_1_326' title='bbox 1527 2373 1590 2406; x_wconf 80' lang='lat' dir='ltr'>pr.</span> <span class='ocrx_word' id='word_1_327' title='bbox 1623 2373 1666 2396; x_wconf 86' lang='lat' dir='ltr'>m.</span> 
     </span>
    </p>
   </div>
   <div class='ocr_carea' id='block_1_10' title="bbox 152 2417 1596 2464">
    <p class='ocr_par' dir='ltr' id='par_1_12' title="bbox 152 2417 1596 2464">
     <span class='ocr_line' id='line_1_39' title="bbox 152 2417 1596 2464; baseline -0.001 -11"><span class='ocrx_word' id='word_1_328' title='bbox 152 2418 251 2454; x_wconf 73' lang='lat' dir='ltr'>Lem.</span> <span class='ocrx_word' id='word_1_329' title='bbox 275 2418 315 2453; x_wconf 89' lang='lat' dir='ltr'><em>H</em></span> <span class='ocrx_word' id='word_1_330' title='bbox 371 2417 482 2452; x_wconf 87' lang='lat' dir='ltr'>isdem</span> <span class='ocrx_word' id='word_1_331' title='bbox 514 2429 616 2464; x_wconf 80' lang='lat' dir='ltr'>quam</span> <span class='ocrx_word' id='word_1_332' title='bbox 662 2418 762 2454; x_wconf 81' lang='lat' dir='ltr'>Voss.</span> <span class='ocrx_word' id='word_1_333' title='bbox 785 2419 816 2453; x_wconf 83' lang='lat' dir='ltr'><em>A</em></span> <span class='ocrx_word' id='word_1_334' title='bbox 988 2418 1025 2453; x_wconf 73' lang='lat'>4.</span> <span class='ocrx_word' id='word_1_335' title='bbox 1059 2418 1193 2453; x_wconf 74' lang='lat' dir='ltr'>Caelius</span> <span class='ocrx_word' id='word_1_336' title='bbox 1238 2419 1338 2453; x_wconf 79' lang='grc'><em>7033.</em></span> <span class='ocrx_word' id='word_1_337' title='bbox 1364 2418 1399 2452; x_wconf 89' lang='grc' dir='ltr'><em>Β</em></span> <span class='ocrx_word' id='word_1_338' title='bbox 1429 2418 1532 2452; x_wconf 77' lang='lat' dir='ltr'>Leicl.</span> <span class='ocrx_word' id='word_1_339' title='bbox 1556 2418 1596 2452; x_wconf 89' lang='lat' dir='ltr'><em>H</em></span> 
     </span>
    </p>
   </div>
   <div class='ocr_carea' id='block_1_11' title="bbox 151 2473 1670 2859">
    <p class='ocr_par' dir='ltr' id='par_1_13' title="bbox 151 2473 1670 2859">
     <span class='ocr_line' id='line_1_40' title="bbox 208 2473 1666 2522; baseline -0.001 -13"><span class='ocrx_word' id='word_1_340' title='bbox 208 2474 324 2522; x_wconf 79' lang='lat' dir='ltr'>graeci</span> <span class='ocrx_word' id='word_1_341' title='bbox 368 2474 521 2509; x_wconf 78' lang='lat' dir='ltr'>Ve&#39;ndob.</span> <span class='ocrx_word' id='word_1_342' title='bbox 694 2474 747 2509; x_wconf 87' lang='lat' dir='ltr'>his</span> <span class='ocrx_word' id='word_1_343' title='bbox 791 2474 893 2509; x_wconf 86' lang='grc'><em>7033.</em></span> <span class='ocrx_word' id='word_1_344' title='bbox 919 2476 953 2509; x_wconf 86' lang='grc' dir='ltr'><em>Β</em></span> <span class='ocrx_word' id='word_1_345' title='bbox 1125 2475 1159 2509; x_wconf 82' lang='grc'>5.</span> <span class='ocrx_word' id='word_1_346' title='bbox 1194 2473 1374 2509; x_wconf 81' lang='lat' dir='ltr'>Annibalis</span> <span class='ocrx_word' id='word_1_347' title='bbox 1418 2474 1520 2508; x_wconf 73' lang='grc'><em>7033.</em></span> <span class='ocrx_word' id='word_1_348' title='bbox 1546 2474 1576 2507; x_wconf 90' lang='grc' dir='ltr'><em>Α</em></span> <span class='ocrx_word' id='word_1_349' title='bbox 1602 2485 1666 2518; x_wconf 78' lang='lat' dir='ltr'>pr.</span> 
     </span>
     <span class='ocr_line' id='line_1_41' title="bbox 152 2528 1502 2567; baseline -0.001 -2"><span class='ocrx_word' id='word_1_350' title='bbox 152 2542 197 2565; x_wconf 84' lang='lat' dir='ltr'>m.</span> <span class='ocrx_word' id='word_1_351' title='bbox 228 2531 331 2566; x_wconf 80' lang='lat' dir='ltr'>Lez&#39;d.</span> <span class='ocrx_word' id='word_1_352' title='bbox 356 2529 399 2564; x_wconf 93' lang='lat' dir='ltr'><em>H</em></span> <span class='ocrx_word' id='word_1_353' title='bbox 462 2528 668 2565; x_wconf 84' lang='lat' dir='ltr'>Annibalem</span> <span class='ocrx_word' id='word_1_354' title='bbox 711 2530 812 2567; x_wconf 81' lang='lat' dir='ltr'>Voss.</span> <span class='ocrx_word' id='word_1_355' title='bbox 837 2531 868 2566; x_wconf 89' lang='grc' dir='ltr'><em>Α</em></span> <span class='ocrx_word' id='word_1_356' title='bbox 1070 2531 1104 2565; x_wconf 77' lang='grc'>6.</span> <span class='ocrx_word' id='word_1_357' title='bbox 1146 2530 1296 2565; x_wconf 83' lang='lat' dir='ltr'>coneilio</span> <span class='ocrx_word' id='word_1_358' title='bbox 1328 2530 1429 2565; x_wconf 73' lang='lat' dir='ltr'>Leid.</span> <span class='ocrx_word' id='word_1_359' title='bbox 1461 2530 1502 2564; x_wconf 88' lang='lat' dir='ltr'><em>H</em></span> 
     </span>
     <span class='ocr_line' id='line_1_42' title="bbox 153 2583 1667 2636; baseline -0.001 -16"><span class='ocrx_word' id='word_1_360' title='bbox 153 2586 188 2620; x_wconf 83' lang='lat'>7.</span> <span class='ocrx_word' id='word_1_361' title='bbox 230 2586 360 2621; x_wconf 82' lang='lat' dir='ltr'>inseret</span> <span class='ocrx_word' id='word_1_362' title='bbox 402 2586 506 2622; x_wconf 81' lang='lat' dir='ltr'>Voss.</span> <span class='ocrx_word' id='word_1_363' title='bbox 540 2586 575 2620; x_wconf 91' lang='lat' dir='ltr'><em>B</em></span> <span class='ocrx_word' id='word_1_364' title='bbox 746 2586 783 2622; x_wconf 80' lang='lat'>8.</span> <span class='ocrx_word' id='word_1_365' title='bbox 826 2583 862 2636; x_wconf 87' lang='lat' dir='ltr'>e]</span> <span class='ocrx_word' id='word_1_366' title='bbox 904 2587 938 2622; x_wconf 90' lang='lat' dir='ltr'>in</span> <span class='ocrx_word' id='word_1_367' title='bbox 978 2587 1077 2622; x_wconf 69' lang='lat' dir='ltr'>Leid.</span> <span class='ocrx_word' id='word_1_368' title='bbox 1108 2587 1150 2622; x_wconf 87' lang='lat' dir='ltr'><em>H</em></span> <span class='ocrx_word' id='word_1_369' title='bbox 1319 2585 1354 2621; x_wconf 76' lang='grc' dir='ltr'>Ο.</span> <span class='ocrx_word' id='word_1_370' title='bbox 1393 2585 1550 2631; x_wconf 77' lang='lat' dir='ltr'>caepisse</span> <span class='ocrx_word' id='word_1_371' title='bbox 1589 2596 1667 2619; x_wconf 82' lang='lat' dir='ltr'>cum</span> 
     </span>
     <span class='ocr_line' id='line_1_43' title="bbox 151 2641 1670 2689; baseline -0.001 -12"><span class='ocrx_word' id='word_1_372' title='bbox 151 2642 252 2677; x_wconf 79' lang='lat' dir='ltr'>Leicl.</span> <span class='ocrx_word' id='word_1_373' title='bbox 278 2643 317 2677; x_wconf 89' lang='lat' dir='ltr'><em>H</em></span> <span class='ocrx_word' id='word_1_374' title='bbox 490 2642 552 2678; x_wconf 88' lang='lat'>10.</span> <span class='ocrx_word' id='word_1_375' title='bbox 595 2642 789 2689; x_wconf 80' lang='lat' dir='ltr'>respiceret</span> <span class='ocrx_word' id='word_1_376' title='bbox 830 2642 931 2679; x_wconf 82' lang='lat' dir='ltr'>Voss.</span> <span class='ocrx_word' id='word_1_377' title='bbox 961 2643 993 2678; x_wconf 86' lang='grc' dir='ltr'><em>Α</em></span> <span class='ocrx_word' id='word_1_378' title='bbox 1029 2645 1065 2678; x_wconf 78' lang='lat' dir='ltr'>in</span> <span class='ocrx_word' id='word_1_379' title='bbox 1106 2653 1184 2677; x_wconf 72' lang='lat' dir='ltr'>ras.</span> <span class='ocrx_word' id='word_1_380' title='bbox 1359 2646 1476 2675; x_wconf 83' lang='lat' dir='ltr'>antem</span> <span class='ocrx_word' id='word_1_381' title='bbox 1520 2641 1620 2676; x_wconf 81' lang='lat' dir='ltr'>Voss.</span> <span class='ocrx_word' id='word_1_382' title='bbox 1652 2651 1670 2675; x_wconf 87' lang='grc'><em>3</em></span> 
     </span>
     <span class='ocr_line' id='line_1_44' title="bbox 151 2696 1668 2735; baseline -0.001 -2"><span class='ocrx_word' id='word_1_383' title='bbox 151 2700 215 2734; x_wconf 76' lang='lat' dir='ltr'>lin.</span> <span class='ocrx_word' id='word_1_384' title='bbox 389 2697 423 2733; x_wconf 92' lang='lat' dir='ltr'>id</span> <span class='ocrx_word' id='word_1_385' title='bbox 463 2709 530 2734; x_wconf 87' lang='lat' dir='ltr'>om.</span> <span class='ocrx_word' id='word_1_386' title='bbox 564 2697 666 2733; x_wconf 79' lang='lat' dir='ltr'>Leid.</span> <span class='ocrx_word' id='word_1_387' title='bbox 692 2697 730 2732; x_wconf 89' lang='lat' dir='ltr'><em>H</em></span> <span class='ocrx_word' id='word_1_388' title='bbox 903 2699 967 2735; x_wconf 87' lang='lat'>13.</span> <span class='ocrx_word' id='word_1_389' title='bbox 1009 2703 1102 2733; x_wconf 77' lang='lat' dir='ltr'>tesca</span> <span class='ocrx_word' id='word_1_390' title='bbox 1137 2698 1253 2733; x_wconf 79' lang='lat' dir='ltr'>Orelli</span> <span class='ocrx_word' id='word_1_391' title='bbox 1426 2696 1488 2733; x_wconf 74' lang='lat'>14.</span> <span class='ocrx_word' id='word_1_392' title='bbox 1528 2696 1571 2731; x_wconf 91' lang='lat' dir='ltr'>de</span> <span class='ocrx_word' id='word_1_393' title='bbox 1601 2696 1668 2731; x_wconf 85' lang='lat' dir='ltr'>deo</span> 
     </span>
     <span class='ocr_line' id='line_1_45' title="bbox 153 2752 1667 2801; baseline -0.002 -12"><span class='ocrx_word' id='word_1_394' title='bbox 153 2765 254 2790; x_wconf 70' lang='lat' dir='ltr'>corr.</span> <span class='ocrx_word' id='word_1_395' title='bbox 296 2765 346 2790; x_wconf 76' lang='lat' dir='ltr'>ex</span> <span class='ocrx_word' id='word_1_396' title='bbox 383 2753 473 2789; x_wconf 84' lang='lat' dir='ltr'>deeo</span> <span class='ocrx_word' id='word_1_397' title='bbox 524 2754 626 2790; x_wconf 80' lang='lat' dir='ltr'>Voss.</span> <span class='ocrx_word' id='word_1_398' title='bbox 656 2754 692 2788; x_wconf 89' lang='lat' dir='ltr'><em>B</em></span> <span class='ocrx_word' id='word_1_399' title='bbox 895 2756 957 2790; x_wconf 76' lang='lat'>15.</span> <span class='ocrx_word' id='word_1_400' title='bbox 996 2755 1291 2801; x_wconf 84' lang='lat' dir='ltr'>praecepisseque</span> <span class='ocrx_word' id='word_1_401' title='bbox 1331 2754 1410 2788; x_wconf 77' lang='lat' dir='ltr'><em>cod.</em></span> <span class='ocrx_word' id='word_1_402' title='bbox 1455 2752 1667 2799; x_wconf 73' lang='lat' dir='ltr'>Salz&#39;sbury.</span> 
     </span>
     <span class='ocr_line' id='line_1_46' title="bbox 152 2808 1667 2859; baseline -0.001 -14"><span class='ocrx_word' id='word_1_403' title='bbox 152 2810 463 2857; x_wconf 81' lang='lat' dir='ltr'>praecepissetque</span> <span class='ocrx_word' id='word_1_404' title='bbox 503 2811 607 2846; x_wconf 80' lang='lat' dir='ltr'>codd.</span> <span class='ocrx_word' id='word_1_405' title='bbox 641 2809 780 2846; x_wconf 77' lang='lat' dir='ltr'>Christi</span> <span class='ocrx_word' id='word_1_406' title='bbox 948 2815 1122 2859; x_wconf 85' lang='lat' dir='ltr'>protenus</span> <span class='ocrx_word' id='word_1_407' title='bbox 1162 2820 1248 2846; x_wconf 73' lang='lat' dir='ltr'>eoec.</span> <span class='ocrx_word' id='word_1_408' title='bbox 1283 2809 1380 2845; x_wconf 73' lang='lat' dir='ltr'>Pe&#39;lle.</span> <span class='ocrx_word' id='word_1_409' title='bbox 1557 2808 1617 2845; x_wconf 87' lang='grc'>16.</span> <span class='ocrx_word' id='word_1_410' title='bbox 1652 2819 1667 2844; x_wconf 76' lang='lat' dir='ltr'>a</span> 
     </span>
    </p>
   </div>
   <div class='ocr_carea' id='block_1_12' title="bbox 152 2865 539 2913">
    <p class='ocr_par' dir='ltr' id='par_1_14' title="bbox 152 2865 539 2913">
     <span class='ocr_line' id='line_1_47' title="bbox 152 2865 539 2913; baseline 0 -11"><span class='ocrx_word' id='word_1_411' title='bbox 152 2877 235 2913; x_wconf 77' lang='lat' dir='ltr'>sup.</span> <span class='ocrx_word' id='word_1_412' title='bbox 266 2868 330 2902; x_wconf 74' lang='lat' dir='ltr'>lin.</span> <span class='ocrx_word' id='word_1_413' title='bbox 377 2866 479 2902; x_wconf 82' lang='lat' dir='ltr'>Voss.</span> <span class='ocrx_word' id='word_1_414' title='bbox 503 2865 539 2902; x_wconf 88' lang='lat' dir='ltr'><em>B</em></span> 
     </span>
    </p>
   </div>
  </div>
 </body>
</html>
