1884 3213
572 221 611 251 L.
637 218 908 252 CORNELIVS
936 218 1138 251 SISENNA
1371 226 1620 257 CCCXXXVII

100 333 225 372 elucet
260 333 432 371 studium
466 334 715 383 antiquitatis
747 332 1043 384 uerborumque
1084 334 1307 383 priscorum
1348 336 1464 383 atque
1498 333 1621 369 inusi-

101 398 327 452 tatorum.¹)
391 402 610 450 fragmenta
650 406 862 451 supersunt
904 413 948 439 ex
988 402 1273 439 comncntariis
1312 400 1500 443 Poenuli,
1543 399 1621 437 Ru-

100 468 249 511 dentis,
282 467 601 518 Amphitruonis,
636 468 916 519 Captiuornm,
949 468 1196 512 Aulrdariac,
1240 472 1394 506 seruata
1429 480 1447 505 a
1480 467 1622 505 Rufino

100 541 136 573 et
167 535 360 573 Charisio.
404 535 562 573 uidetur
592 541 721 574 autem
745 536 912 574 Sisenna
946 537 985 573 in
1017 537 1304 574 Conmentariis
1336 541 1371 573 ct
1407 534 1622 573 uerborum

101 603 378 654 explicationis
419 608 457 640 et
497 615 631 642 rerum
670 605 1016 653 grammaticarum
1061 608 1097 640 et
1137 604 1395 641 metricarum
1429 604 1623 641 rationem

99 669 304 714 habuisse,
347 670 414 709 sed
451 683 567 721 spero
600 673 641 709 in
673 672 818 709 ceteris
855 670 998 708 melius
1039 683 1122 708 rem
1161 671 1198 708 ei
1235 671 1476 709 successisse
1508 683 1623 721 quam

100 739 139 775 in
171 738 363 776 metricis.
406 750 496 775 nam
529 739 569 776 in
600 740 656 776 eis
680 738 828 789 paucis,
861 750 960 788 quae
992 743 1161 776 aetatem
1183 738 1374 781 tulerunt,
1409 739 1513 776 notis
1546 750 1624 775 uno

99 805 186 843 loco
219 807 280 856 (fr.
313 803 351 854 3)
385 811 520 857 aperte
553 818 640 844 eum
674 818 829 845 errasse
860 805 1014 844 Ritschl
1051 818 1207 856 pai-erg.
1241 805 1256 843 I
1288 819 1324 856 p.
1358 802 1440 843 383
1473 805 1622 849 docuit,

99 873 222 912 altero
257 872 318 923 (fr.
344 872 381 923 7)
414 886 454 911 sc
487 886 566 911 non
600 873 843 912 intellexisse
874 878 999 911 metra
1031 874 1280 924 anapaestica
1316 874 1398 923 ipse
1421 874 1625 923 professus

99 947 156 980 est
190 939 254 991 (cf.
290 941 333 980 G.
366 941 567 979 Hermann
600 941 712 980 elem.
747 941 874 979 doctr.
909 946 1023 979 metr.
1057 954 1094 991 p.
1127 938 1201 978 411
1241 941 1328 991 sq).
1380 946 1496 991 atque
1530 940 1625 978 haec

98 1008 257 1059 quidem
289 1008 492 1047 hactenus.
556 1008 671 1048 breui
704 1010 809 1047 enim
843 1008 1089 1059 praecidam,
1131 1021 1220 1047 cum
1252 1020 1473 1059 prouocare
1507 1007 1626 1046 liceat

99 1075 146 1113 ad
177 1075 240 1113 Fr.
264 1076 475 1115 Ritschelii
507 1077 555 1114 de
585 1076 779 1115 Sisennae
809 1078 1094 1115 connzentarz'is
1116 1076 1439 1115 dissertationem
1471 1077 1511 1114 in
1535 1088 1624 1126 par—

100 1155 182 1193 erg.
215 1140 470 1182 374—386.

211 1211 311 1248 Num
335 1211 410 1249 alia
432 1213 579 1262 scripta
601 1212 858 1261 grammatica
881 1213 1150 1263 conposuerit,
1185 1216 1299 1249 caute
1324 1210 1480 1249 dubitat
1502 1210 1625 1249 Bern-

100 1278 222 1329 hardy
254 1279 345 1317 hist.
379 1279 454 1317 litt.
479 1279 591 1317 Rom.
626 1275 779 1329 11228.
821 1291 919 1330 quae
953 1281 1001 1317 fr.
1028 1276 1120 1327 (inc.
1145 1276 1244 1329 3.-11
1280 1280 1504 1328 argumenti
1537 1284 1627 1317 sunt

98 1347 370 1395 grammatici,
405 1348 491 1385 fieri
523 1348 670 1397 potuit,
700 1352 743 1385 ut
775 1360 820 1385 ex
853 1347 1138 1385 conmentariis
1170 1345 1365 1384 Plautinis
1398 1345 1581 1384 fluerent.

212 1413 480 1452 Orationes
519 1415 605 1452 eius
650 1414 798 1453 litteris
837 1414 1039 1452 mandatas
1086 1415 1125 1451 in
1169 1412 1353 1451 manibus
1399 1413 1626 1463 aequalium

100 1482 228 1520 Taciti
250 1482 387 1526 fuisse,
413 1494 457 1520 ex
481 1481 625 1531 dIalog.
650 1494 683 1519 c.
702 1478 756 1520 23
780 1480 875 1530 (uid.
900 1494 1019 1532 supra
1042 1494 1078 1532 p.
1100 1480 1367 1531 CCCXXXllI)
1402 1482 1503 1519 effici
1528 1481 1627 1519 mihi

100 1549 272 1592 uidetur,
312 1550 380 1600 qui
419 1550 529 1588 locus
568 1550 669 1600 sugit
700 1549 915 1600 Meyerum.
979 1548 1036 1587 ibi
1076 1550 1181 1587 cuim
1222 1549 1397 1600 loquitur
1436 1549 1539 1600 Aper
1579 1548 1626 1586 de

100 1617 177 1660 eis,
217 1618 284 1667 qui
316 1630 385 1655 sua
417 1622 543 1655 aetate
576 1617 844 1667 eloquentiam
875 1616 1020 1655 Aufidii
1051 1617 1160 1655 Bassi
1193 1621 1231 1654 et
1263 1616 1426 1654 Seruilii
1459 1616 1627 1654 Noniani

103 1696 194 1734 prae
228 1683 395 1723 Sisenna
428 1689 465 1722 et
487 1684 662 1722 Varrone
685 1689 961 1728 contemnant,
996 1684 1064 1723 sed
1096 1685 1163 1735 qui
1186 1685 1273 1722 lieri
1296 1685 1444 1734 potuit,
1479 1690 1521 1722 ut
1553 1684 1624 1728 illi,

101 1753 179 1789 nisi
202 1753 403 1789 orationes
427 1752 618 1789 Sisennae
641 1752 839 1801 legerent,
873 1753 958 1789 eius
983 1752 1250 1802 eloquentiam
1274 1756 1434 1789 nossent
1446 1752 1459 1788 Υ
1491 1764 1626 1802 quam-

102 1831 217 1869 quam
241 1819 446 1862 confiteor,
470 1831 548 1857 non
572 1818 790 1857 abhorrere
814 1832 832 1856 a
850 1818 1136 1870 probabilitate
1161 1818 1258 1857 illud
1284 1819 1476 1857 iudicium
1494 1832 1626 1869 sump-

103 1892 184 1924 tum
217 1899 301 1924 esse
335 1899 381 1924 ex
413 1886 682 1931 orationibus,
716 1899 812 1937 quas
844 1886 1010 1925 Sisenna
1043 1886 1223 1924 historiis
1254 1888 1484 1924 inseruerit.
1531 1899 1626 1937 quas

102 1966 238 1992 causas
269 1954 434 1998 dixerit,
474 1955 551 1993 iam
592 1966 709 2005 supra
751 1956 1026 1992 recensuimus
1058 1954 1340 2005 Ciceronisque
1382 1953 1527 1992 iudicia
1560 1953 1625 1991 ad-

101 2023 318 2072 posuimus.
380 2023 603 2060 orationum
636 2022 857 2070 fragmenta
891 2034 968 2060 11011
1000 2027 1228 2073 supersunt.

103 2180 289 2212 comment.
321 2177 366 2209 ad
396 2179 543 2210 Lucret.
574 2189 606 2220 p.
637 2179 717 2219 124,
753 2189 831 2210 cum
864 2179 1049 2210 coniceret
1076 2178 1234 2210 Serenus.
1285 2180 1340 2210 est
1372 2179 1464 2209 enim
1498 2188 1624 2209 uersus

102 2234 276 2266 iambicus
303 2234 470 2275 Septimii
496 2234 622 2266 Sereni
648 2237 792 2276 poetae.
841 2234 886 2265 cf.
913 2234 955 2265 L.
982 2233 1135 2266 Mueller
1160 2235 1190 2266 d.
1216 2245 1242 2265 r.
1271 2237 1372 2268 metr.
1401 2245 1433 2276 p.
1460 2235 1514 2269 98.

194 2288 218 2330 ¹)
246 2290 471 2331 Quamquam
496 2289 562 2321 Th.
588 2289 727 2331 Bergk,
762 2289 925 2332 Beilrci‘ye
952 2301 977 2323 z.
1005 2292 1063 2324 Ιαί.
1094 2290 1234 2322 Gratum.
1262 2291 1277 2321 I
1300 2301 1335 2331 p.
1362 2291 1425 2321 124
1450 2290 1514 2321 hos
1543 2300 1622 2321 con-

104 2346 302 2377 mentarios
328 2345 518 2377 Plautinos
545 2356 565 2376 a
591 2335 794 2377 recentiore
823 2345 944 2387 aliquo
973 2346 1146 2386 Sisenna,
1180 2346 1327 2388 aequali
1356 2346 1431 2377 fere
1459 2346 1623 2377 Terentii

104 2401 244 2440 Scauri,
273 2401 482 2442 conpositos
508 2411 587 2432 esse
612 2401 762 2433 iudicat.
804 2401 940 2433 frustra
965 2405 1084 2433 tamen
1110 2403 1185 2433 eius
1211 2402 1417 2434 sententiae
1445 2405 1545 2433 certa
1571 2412 1623 2432 ar-

104 2461 278 2498 gumenta
310 2457 493 2497 quaesiui3
526 2457 630 2487 immo
662 2457 796 2498 optime
828 2459 1000 2489 conuenit
1031 2458 1098 2490 hoc
1130 2458 1252 2489 Plauti
1285 2457 1440 2489 studium
1478 2468 1555 2488 cum
1582 2467 1622 2488 eo

104 2522 209 2553 quem
235 2522 343 2554 supra
369 2512 662 2544 adumbrauimus
688 2513 878 2555 scriptore.

175 2964 283 2996 Pmm,
304 2965 382 2989 Hist.
404 2965 488 2990 Rom.
510 2965 575 2990 rell.
614 2964 635 2989 1.

1310 2962 1328 2991 ΚΟ

1333 2962 1351 2991 10
