1884 3213
228 216 424 247 0003(qu
594 208 659 238 DE
686 205 997 239 SCRIPTORVM
1024 206 1152 238 VITIS
1179 206 1241 238 ΕΤ
1268 204 1486 238 SCRIPTIS

229 323 500 370 Pomponiam.
562 322 602 358 in
635 320 781 371 quibus
815 321 883 371 qui
915 320 1124 358 Sisennam
1160 319 1267 358 bello
1299 319 1540 358 Numantino
1573 322 1760 359 iuuenem

233 391 353 428 tuisse
387 402 405 426 a
438 387 588 427 Velleio
621 388 771 426 dictum
803 388 963 432 uolunt,
1001 388 1135 426 facere
1168 400 1246 426 non
1278 392 1486 439 poterunt,
1527 389 1623 440 quin
1653 388 1760 427 hunc

229 458 492 508 Pomponium
539 455 677 495 eadem
724 461 851 495 aetate
898 456 1022 494 fuisse
1071 459 1266 500 statuant,
1312 455 1626 507 pugnabuntque
1669 468 1760 495 cum

228 524 422 568 Eusebio,
463 525 530 575 qui
564 536 597 562 a.
631 521 696 562 90.
730 521 813 562 664
843 524 1107 574 Pomponium
1140 524 1292 562 clarum
1332 523 1514 562 habitum
1550 536 1636 562 esse
1668 535 1760 575 pro-

227 592 339 631 didit.
402 597 439 630 at
473 604 568 631 uero
606 593 640 629 si
671 591 805 630 Rothii
838 592 1059 630 sententiae
1092 591 1248 630 adsensi
1282 592 1452 636 erimus,
1494 593 1624 631 omnis
1663 603 1760 630 eon-

233 661 431 699 trouersia
463 656 680 711 tolleturst)

343 738 499 786 Quibus
540 738 733 789 gradibus
772 739 819 777 ad
858 745 1088 790 praeturam
1121 738 1364 783 escenderit,
1408 740 1621 778 nescimus.
1673 740 1763 778 ueri

230 807 359 846 simile
392 813 523 846 tamen
556 812 615 845 est
646 812 858 857 quaestura
890 819 979 845 eum
1011 811 1126 845 antea
1150 807 1329 845 sunctum
1352 819 1450 845 esse.
1492 819 1581 845 nam
1604 810 1762 845 creatus

230 880 286 913 est
322 880 484 926 praetor
518 874 625 913 Sulla
659 876 773 919 uiuo,
815 875 881 925 qui
921 873 1077 912 duobus
1116 876 1230 913 annis
1262 880 1351 913 ante
1391 875 1519 924 legem
1559 874 1605 913 de
1637 875 1761 924 magi-

230 942 425 980 stratibus
465 943 648 985 dederat,
697 955 745 980 ne
784 943 874 993 quis
912 948 1074 993 praetor
1114 942 1247 986 fieret,
1293 944 1372 980 nisi
1415 947 1527 981 antea
1576 946 1762 993 quaestor

231 1012 371 1049 suisset
414 1009 523 1062 (App.
565 1010 603 1048 b.
646 1022 679 1047 c.
721 1010 735 1047 I
780 1007 892 1062 100),
941 1010 1008 1048 sed
1048 1011 1150 1048 certi
1188 1010 1289 1048 nihil
1329 1010 1375 1048 de
1415 1010 1490 1048 hoc
1528 1012 1762 1060 magistratu

229 1091 456 1129 proponere
488 1090 710 1129 possumus.
725 1075 752 1127 2>
814 1077 921 1115 Idem
953 1077 1059 1116 cadit
1092 1078 1131 1115 in
1165 1078 1408 1116 aedilitatem
1441 1077 1633 1116 curulem.
1675 1083 1763 1129 post

228 1146 459 1185 Ernestium
493 1147 598 1185 enim
634 1144 695 1183 *ad
726 1145 805 1184 Cic.
831 1145 942 1183 Verr.
967 1144 1037 1183 IIII
1072 1142 1142 1188 15,
1175 1142 1242 1196 33)
1277 1145 1418 1197 Zumpt
1450 1143 1510 1195 (ex
1543 1157 1589 1184 eo
1610 1145 1763 1184 Krause

232 1227 269 1264 p.
293 1211 389 1252 300'1
427 1214 517 1252 inde
550 1213 653 1265 quod
685 1213 790 1251 ludis
822 1212 1074 1251 circensibus
1105 1214 1197 1250 anni
1224 1210 1290 1251 70.
1314 1210 1397 1251 684
1428 1213 1530 1264 apud
1561 1213 1603 1251 L.
1628 1213 1762 1251 Sisen-

232 1293 321 1319 nam
363 1283 521 1321 ‘uirum
560 1282 821 1333 primarium’
865 1280 1039 1319 triclinia
1087 1285 1208 1318 strata
1247 1285 1536 1333 argentumque
1584 1283 1762 1332 exposita

231 1361 315 1387 esse
349 1351 489 1387 Cicero
525 1351 561 1388 in
596 1349 776 1388 Verrinis
812 1349 849 1394 tl.
876 1348 921 1398 s.)
955 1350 1290 1392 conmemorauit,
1325 1361 1415 1387 oum
1448 1349 1663 1388 aedilitatis
1695 1361 1763 1387 cu-

230 1417 330 1455 rulis
362 1422 465 1455 esset
498 1417 613 1456 ludos
644 1420 798 1461 faeere,
840 1416 933 1455 huie
966 1429 1068 1454 anno
1101 1415 1291 1455 Sisennae
1330 1416 1575 1455 aedilitatem
1608 1415 1762 1455 tribuit.

235 1491 269 1523 at
305 1491 338 1523 et
375 1484 609 1523 Ciceronem
641 1485 705 1523 uel
739 1484 807 1522 illo
844 1484 932 1523 loco
966 1484 1029 1522 uel
1070 1483 1165 1522 alibi
1207 1485 1246 1522 in
1278 1483 1472 1529 Verrinis‚
1514 1483 1583 1522 ubi
1623 1484 1670 1523 de
1702 1483 1763 1522 Si-

232 1565 353 1591 senna
387 1553 575 1604 loquitur,
610 1552 824 1591 aedilitatis
857 1553 963 1595 eius,
1005 1552 1037 1589 si
1079 1564 1124 1589 eo
1157 1564 1259 1590 anno
1292 1551 1553 1595 obtinuisset,
1594 1553 1763 1590 mentio-

230 1633 320 1659 nem
361 1620 589 1659 additurum
628 1621 751 1658 fuisse
790 1625 899 1658 recte
942 1619 1045 1658 Roth
1089 1632 1125 1669 p.
1170 1617 1220 1658 13
1260 1625 1397 1658 contra
1446 1619 1564 1663 dixit,
1613 1625 1649 1657 et
1697 1621 1763 1658 uix

231 1688 418 1731 Sisenna,
466 1687 583 1725 homo
623 1688 861 1738 primarius,
913 1692 1054 1725 octauo
1100 1699 1202 1725 anno
1246 1692 1332 1738 post
1378 1693 1625 1738 praeturam,
1673 1699 1764 1726 cum

235 1755 373 1793 consul
407 1767 491 1793 esse
524 1761 677 1805 posset,
711 1755 954 1793 aedilitatem
987 1756 1115 1805 petiit.

344 1833 437 1871 Post
483 1840 708 1885 praeturam
756 1846 848 1871 enm
894 1834 1051 1884 inperio
1088 1834 1128 1871 in
1171 1833 1349 1872 Siciliam
1397 1832 1544 1872 abiisse
1590 1833 1763 1880 uidetur,

231 1914 467 1953 ‹piamquant
501 1903 619 1939 etiam
652 1902 715 1939 hie
749 1903 993 1939 coniecturis
1025 1913 1124 1952 opus
1157 1906 1234 1945 est,
1268 1913 1358 1939 eum
1390 1913 1584 1952 nusquam
1616 1901 1764 1941 diserte

233 1971 319 2007 eius
351 1970 408 2006 rei
440 1971 590 2007 mentio
624 1972 700 2007 tiat.
744 1968 811 2007 secl
843 1968 982 2007 Cicero
1016 1966 1277 2013 Ve1·1·.1145,
1304 1966 1383 2006 110
1415 1982 1435 2007 a
1467 1968 1634 2007 Sthenio
1666 1982 1763 2021 quo-

234 2037 322 2074 ‹tam
347 2037 602 2075 'l‘hermitano
629 2036 787 2074 Verrem
811 2036 970 2073 domuin
995 2037 1207 2075 inuitatum
1231 2050 1316 2075 esse
1340 2036 1456 2081 dicit,
1480 2037 1549 2088 qui
1572 2036 1611 2075 C.
1635 2036 1763 2082 Marii,

234 2107 301 2143 (In.
338 2105 537 2155 Pompeii,
572 2104 611 2142 C.
645 2104 841 2147 Marcelli,
881 2102 922 2140 L.
958 2102 1169 2148 Sisennae,
1212 2110 1438 2142 ceterorum
1470 2106 1651 2142 uirorum
1684 2105 1764 2143 sor-

233 2174 478 2210 tissitnortnn
520 2172 662 2222 hospes
702 2172 844 2210 suisset
883 2176 999 2221 atque
1040 2176 1154 2209 esset.
1218 2173 1325 2222 atqui
1367 2171 1435 2209 Cn.
1477 2171 1690 2223 Pompeius
1729 2184 1763 2211 a.

234 2237 299 2278 82.
333 2238 415 2278 672
446 2253 465 2277 a
499 2239 606 2278 Sulla
640 2252 729 2277 euni
762 2240 917 2289 inperio
950 2240 989 2276 in
1023 2238 1202 2277 Siciliam
1234 2240 1379 2276 missus
1419 2239 1637 2290 hospitium
1669 2252 1762 2277 eon-

235 2309 360 2346 iunxit
396 2319 486 2344 rum
510 2306 675 2344 Sthenio
700 2305 917 2350 (Drumann
950 2305 1021 2343 1111
1054 2319 1089 2356 p.
1113 2304 1231 2356 330),
1267 2307 1305 2344 (1.
1341 2306 1528 2345 Claudius
1553 2306 1762 2345 Marcellus

236 2380 365 2413 autem
407 2387 477 2425 pro
518 2380 701 2425 praetore
740 2375 812 2412 suit
856 2374 895 2411 in
935 2372 1071 2411 Sicilia
1106 2387 1138 2411 a.
1174 2371 1239 2411 79.
1273 2370 1355 2411 675
1396 2372 1462 2422 (ct'.
1496 2373 1696 2412 Drumann
1730 2373 1764 2412 II

237 2457 272 2493 p.
314 2439 408 2480 399.
479 2441 604 2480 Orelli
644 2454 774 2479 onom.
814 2440 916 2479 Tull.
958 2454 994 2491 p.
1041 2438 1147 2491 155).
1216 2453 1310 2491 ergo
1351 2453 1441 2479 cum
1480 2440 1764 2492 probabilitate

329 2622 352 2663 ¹)
379 2622 509 2664 Itaque
528 2621 640 2654 etiam
658 2631 723 2654 eae
742 2619 979 2652 difficultates
998 2623 1160 2653 remotae
1180 2623 1274 2661 sunt,
1304 2621 1433 2663 quibus
1458 2620 1588 2653 ductus
1613 2620 1655 2653 Ο.
1673 2620 1764 2653 Iahn

236 2679 357 2710 Herm.
383 2678 418 2710 11
445 2689 476 2720 p.
505 2679 570 2709 234
596 2687 660 2719 pro
684 2677 898 2709 historiarum
923 2681 1042 2709 auc-tor
1068 2677 1257 2719 proposuit
1282 2677 1482 2709 milesiarum
1507 2682 1637 2709 auctor.

327 2733 354 2775 ²)
381 2734 532 2776 Pighius
556 2735 613 2766 III
639 2745 670 2776 p.
698 2734 764 2765 290
790 2743 869 2765 eum
894 2733 931 2763 in
959 2733 1218 2774 quaestoribus
1244 2744 1275 2765 a.
1295 2734 1348 2766 78.
1368 2734 1433 2765 676
1460 2736 1629 2766 recenset
1653 2732 1764 2775 idque

240 2789 419 2822 conclusit
450 2801 494 2822 ex
533 2790 614 2822 loco
646 2789 803 2831 quodam
827 2789 955 2820 Dionis
981 2788 1118 2829 Cassii,
1152 2788 1250 2830 apud
1277 2799 1381 2830 quern
1413 2799 1444 2822 a.
1472 2789 1527 2821 68.
1553 2789 1618 2822 686
1644 2788 1764 2821 Sisen-

239 2856 321 2876 nam
350 2849 553 2887 praetorem
580 2846 691 2878 fuisse
718 2845 850 2887 legisse
883 2845 953 2878 sibi
985 2845 1084 2877 uisus
1111 2847 1182 2876 est.
1232 2844 1507 2877 fundamentum
1539 2848 1662 2877 tamen
1686 2844 1763 2877 nul-

239 2901 311 2933 lum
338 2912 416 2935 esse
444 2902 539 2934 infra
564 2902 807 2934 ostendemus.
