1884 3213
216 158 295 198 120
826 156 1128 196 RELLIQVIAE

212 273 396 323 θυρεῶν
427 267 694 310 ἀποθανεῖν.
718 293 772 298 —-
804 269 921 309 ἔοικε
953 268 1001 310 δὲ
1033 264 1085 309 τὰ
1106 265 1215 322 μετὰ
1246 270 1384 309 ταῦτα
1404 267 1624 323 γενόμενα
1654 267 1736 323 τὴν

214 339 445 386 Πείσωνος
475 334 785 390 ἀληθεστέραν
823 342 969 377 ποιεῖν
1000 333 1253 390 ἀπόκρισιν.
1315 335 1461 390 τάφου
1498 333 1584 390 γὰρ
1623 337 1735 377 ἔνθα

214 407 371 446 ἔπεσεν
401 402 582 457 ἠξίωται
614 401 692 445 τόν
724 402 967 457 ἱερώτατον
997 405 1072 457 τῆς
1104 402 1274 452 πόλεως
1304 404 1550 458 κατέχουσα
1578 402 1734 457 λόφον,

216 472 289 513 καὶ
327 469 431 525 χοὰς
469 469 583 526 αὐτῇ
616 469 821 525 Ῥωμαῖοι
860 469 967 512 καθ’
999 470 1189 512 ἕκαστον
1229 469 1439 513 ἐνιαυτὸν
1482 471 1739 514 ἐπιτελοῦσι

217 539 350 593 (λέγω
390 538 438 580 δὲ
478 535 507 579 δι’
544 540 728 581 Πείσων
764 538 975 593 γράφει),
1015 532 1079 580 ὦν
1118 536 1305 588 οὐδενὸς
1345 536 1461 589 εἰκὸς
1491 536 1655 593 αὐτὴν,
1700 539 1767 585 εἰε

215 607 497 659 προδιδοῦσα
527 605 610 661 τήν
631 607 825 660 πατρίδα
854 612 947 655 τοῖς
967 608 1194 661 πολεμίοις
1223 603 1465 661 ἀπέθανεν,
1489 600 1590 648 οὔτε
1621 604 1742 658 παρὰ

215 677 306 716 τῶν
344 674 666 728 προδοθέντων
711 672 815 716 οὔτε
862 672 982 729 παρὰ
1029 676 1119 716 τῶν
1163 670 1527 716 ἀποκτεινάντων
1572 680 1740 728 τυχεῖν,

216 740 328 784 ἀλλὰ
358 743 432 784 καὶ
464 746 508 785 εἱῖ
534 758 575 784 τι
606 744 822 793 λείψανον
854 740 990 798 αὐτῆς
1019 736 1077 797 ἧν
1107 743 1187 783 τοῦ
1213 740 1437 795 σώματος,
1477 739 1741 795 ἀνασκαφὲν

217 810 298 860 ἔξω
331 809 516 864 ῥιφῆναι
548 807 634 852 σὺν
664 809 812 866 χρόνῳ
843 809 993 865 φόβου
1023 824 1069 851 τε
1101 810 1174 851 καὶ
1205 807 1462 864 ἀποτροπῆς
1490 809 1621 852 ἕνεκα
1651 810 1742 851 τῶν

217 877 474 932 μελλόντων
504 875 557 919 τά
589 876 718 933 ὅμοια
749 878 877 932 δρᾶν.
938 875 1051 919 ἀλλὰ
1081 875 1196 931 ὑπὲρ
1226 877 1310 931 μὲν
1339 877 1512 919 τούτων
1549 875 1737 931 κρινέτω
1756 900 1788 924 10

218 961 282 994 τις
312 942 371 994 ὠς
399 945 624 999 βούλεται.

331 1014 411 1055 6³⁵².
454 1017 571 1054 Ῑίινν.
605 1018 654 1055 de
683 1018 709 1055 l.
742 1018 768 1055 l.
801 1018 832 1055 V
868 1014 946 1055 148
979 1016 1022 1055 ln
1055 1018 1143 1055 foro
1175 1016 1306 1055 lacum
1338 1016 1521 1055 Curtium
1553 1030 1573 1055 a
1605 1017 1741 1055 Curtio

219 1085 369 1123 «Ιίε-,ιιιιιι
411 1090 565 1123 constat
596 1090 634 1123 ot
666 1084 714 1123 (lo
747 1098 792 1123 eo
835 1085 984 1135 triceps
1016 1084 1203 1123 historia:
1245 1095 1334 1122 uam
1366 1089 1404 1122 et
1434 1083 1633 1123 Procilius
1665 1097 1742 1123 non

221 1152 324 1191 idem
356 1152 531 1203 prodidit
563 1151 668 1203 quod
699 1152 790 1191 Piso
823 1164 896 1191 noo
927 1151 1033 1203 quod
1064 1153 1111 1197 is,
1143 1149 1172 1203 †
1205 1151 1414 1191 Cornelius
1436 1151 1538 1191 Stilo
1569 1156 1742 1192 secutus.

311 1320 351 1354 (3.
385 1321 481 1353 Idem
502 1321 657 1363 plumbus
682 1322 866 1353 exornant]
890 1321 1075 1362 Βὶοηῃςίιιε
1098 1320 1143 1352 Ι]
1167 1322 1229 1362 42,
1261 1322 1317 1363 qui
1338 1325 1559 1364 posteaquam
1585 1321 1743 1360 Curtium,

220 1378 290 1397 (unz.
315 1368 347 1398 in
372 1367 480 1399 media
504 1368 588 1404 avie,
614 1368 668 1398 cui
690 1372 865 1417 praeerat,
892 1367 1039 1407 uicisset,
1058 1368 1157 1398 etiam
1181 1367 1338 1398 cornibus
1362 1367 1591 1399 laborantibus
1615 1367 1744 1399 auxilio

220 1413 351 1444 nenisee
370 1413 549 1465 narrauit,
574 1413 623 1443 sic
645 1413 775 1453 pe7yz't:
809 1406 828 1444 ὁ
855 1407 897 1444 δὲ
922 1410 1105 1448 κίνδυνος
1129 1404 1231 1450 ἅπας
1255 1410 1342 1462 περὶ
1375 1407 1442 1444 τὸν
1467 1405 1654 1466 Κούρτιον
1679 1409 1745 1444 καὶ

220 1451 307 1495 τούς
339 1452 407 1490 σὺν
434 1451 567 1509 ἐκείνῳ
599 1455 785 1495 νικῶντας
810 1451 997 1505 ἐγεγόνει·
1004 1451 1162 1507 χρόνον
1194 1468 1265 1498 μεν
1291 1453 1361 1490 οὐν
1390 1468 1478 1490 τινα
1509 1452 1548 1489 οἷ
1578 1455 1745 1511 Σαβινοι

222 1497 423 1553 δεξαμενοι
451 1499 540 1540 τοὺς
545 1491 761 1556 Ρωμαίους
788 1499 965 1544 λαμπρῶς
991 1495 1240 1555 ἠγωνίσαντο,
1261 1499 1392 1535 ἔπειτα
1417 1499 1567 1535 πολλῶν
1592 1497 1652 1535 ἐπ’
1680 1495 1746 1534 αὖ·

222 1544 310 1586 τοὺς
350 1542 560 1580 συνιόντων
592 1542 793 1580 ἐνέκλιναν
825 1557 864 1580 τε
895 1545 961 1580 καὶ
994 1544 1173 1598 διέσωζον
1203 1541 1364 1586 ἑαυτούς
1395 1543 1457 1580 ἐπὶ
1488 1543 1554 1580 τὸν
1584 1542 1744 1591 χάρακα,

222 1590 340 1645 πολλὴ
346 1605 366 1626 ν
391 1589 458 1626 τοῦ
484 1592 674 1643 Κουρτίου
689 1589 937 1645 παρέχοντος
959 1586 1093 1631 αυτοῖς
1119 1590 1174 1631 εἰς
1192 1587 1233 1625 τὸ
1237 1588 1302 1645 ‚ivri
1330 1587 1542 1625 διώκεσθαι
1567 1603 1744 1643 τεταραγ-

222 1634 352 1679 ιιένοις
383 1633 480 1670 ἀλλα
513 1633 638 1691 βαδην
673 1648 750 1670 απο
778 1640 889 1678 ωρεῐν
917 1633 1147 1692 ἀσφάλειαν.
1199 1632 1314 1676 αὐτὸς
1339 1649 1410 1687 γαρ
1437 1632 1605 1691 εἴστήκει
1630 1633 1745 1689 μαχό-

222 1693 335 1731 μενος
354 1682 419 1716 καὶ
445 1677 511 1715 τὸν
530 1679 721 1725 Ρωμύλον
765 1680 903 1716 πιόντα
929 1678 1094 1725 ἐδέχετο,
1114 1681 1274 1735 γίνεται
1288 1680 1331 1716 δὲ
1357 1694 1430 1715 των
1457 1679 1654 1737 ἡγεμονων
1678 1676 1745 1715 αὗ-

223 1739 297 1760 των
322 1722 589 1779 συμπεσόντων
614 1722 791 1779 ἀλλήλοις
817 1725 936 1781 μέγας
961 1727 1026 1760 καὶ
1051 1723 1183 1766 καλὸς·
1193 1723 1309 1784 ἀγών.
1343 1725 1497 1783 ἔξαιμος
1523 1724 1566 1761 δὲ
1594 1721 1645 1760 ὢν
1669 1723 1745 1779 ἤδη

223 1771 289 1806 καὶ
313 1761 529 1825 καταβελὴς
555 1768 573 1805 ὁ
599 1767 785 1815 Κουρτιος
810 1768 925 1824 ὑπῄει
951 1785 1023 1806 κατ
1065 1767 1206 1816 ὀλίγον,
1232 1772 1297 1807 καὶ
1323 1770 1444 1807 αὐτὸν
1469 1768 1510 1806 ἐκ
1534 1772 1611 1806 τῶν
1634 1767 1745 1806 κατό-

223 1829 290 1850 πιν
311 1813 527 1871 ὑπεδέχετο
554 1818 665 1868 λίμνη
697 1817 862 1860 βαθεῖα,
900 1811 945 1860 ἣν
969 1819 1193 1861 περιελθεῖν
1224 1830 1296 1873 μεν
1328 1816 1494 1872 χαλεπὸν
1524 1816 1573 1861 ἠν
1597 1829 1745 1870 περικε-

223 1860 414 1915 χυμένων
414 1858 664 1915 πανταχόθεν
689 1863 763 1911 τῷν
781 1863 983 1918 πολεμίων,
1004 1863 1182 1896 διελθεῖν
1200 1860 1245 1897 δε
1269 1860 1346 1897 ὑπό
1369 1875 1408 1897 τε
1426 1860 1532 1902 ἰλύος
1557 1858 1746 1917 πλήθους,

227 1922 272 1951 ην
298 1920 342 1940 τα
369 1906 477 1949 πέριξ
487 1904 670 1961 τέλματα
697 1904 791 1962 εἶχε,
825 1906 889 1941 καὶ
917 1903 1066 1960 βαθους
1090 1902 1234 1947 υδατος
1267 1908 1334 1942 τοῦ
1357 1905 1455 1942 κατὰ
1480 1907 1600 1960 μέσην
1625 1904 1747 1962 αὐτην

225 1951 452 1991 συνεστῶτος
478 1948 633 2004 ἄπορον
661 1952 791 2005 ταύτῃ
815 1949 1027 2005 πλησιάσας
1054 1950 1210 2004 ἔρριψεν
1237 1949 1374 1987 ἑαυτὸν
1400 1952 1454 1992 εἰς
1479 1950 1521 1986 τὸ
1547 1953 1650 1993 νᾶμα
1676 1963 1746 1988 συν

225 2002 305 2037 τοῖς
337 1993 484 2039 ὅπλοις,
521 1997 586 2031 καὶ
618 1993 637 2030 ὁ
661 1993 860 2050 Ρωμύλος
881 1995 929 2036 ὡς
961 1992 1099 2031 αὐτίκα
1133 1994 1180 2041 δὴ
1213 1996 1280 2032 τοῦ
1313 1993 1454 2050 ἀνδρὸς
1486 1993 1528 2032 ἐν
1559 1997 1604 2041 τῇ
1622 1999 1748 2049 λίμνῃ

225 2041 598 2097 διαφθαρησομένου
624 2041 712 2094 (καὶ
731 2055 811 2086 αμα
838 2038 1032 2076 ἀδύνατον
1049 2036 1104 2094 ᾖν
1135 2038 1232 2076 κατὰ
1265 2039 1448 2086 τέλματός
1473 2054 1512 2077 τε
1538 2038 1657 2077 αὑτὸν
1682 2046 1748 2078 και

226 2086 279 2122 (δι’
307 2084 449 2127 ὕδατος
474 2087 616 2121 πολλοῦ
644 2083 810 2140 διώκειν)
838 2083 899 2139 ἐπὶ
924 2083 1012 2126 τούς
1039 2082 1176 2126 ἄλλους
1203 2088 1397 2143 E‘oeBcvovg
1428 2085 1623 2131 τρέπεται·
1656 2085 1674 2122 ὃ
1703 2087 1746 2123 δὲ

226 2130 409 2189 Κούρτιος
439 2129 561 2167 πολλὰ
585 2129 794 2211 ΐμοχθήσας
831 2143 900 2166 συν
922 2128 1053 2185 χρόνῳ
1090 2129 1250 2186 σώζεταί
1277 2145 1316 2167 τε
1349 2130 1389 2167 ἐκ
1427 2134 1506 2186 τῆς
1530 2134 1665 2188 λίμνης
1701 2131 1748 2167 τὰ

226 2174 325 2213 όπλα
352 2176 446 2222 ε’χων
472 2191 536 2212 και
564 2190 580 2212 ε
602 2190 619 2217 ς
645 2190 710 2211 τον
736 2190 886 2222 χαρακα
910 2172 1115 2229 ἀπαγεται.
1167 2170 1279 2217 οὖτος
1304 2174 1323 2212 ὁ
1350 2174 1464 2219 τόπος
1483 2173 1746 2234 ἀνακέχωσται

226 2237 294 2267 μεν
319 2219 407 2267 ἤδη,
433 2226 609 2257 καλεῖται
636 2219 670 2256 δ’
698 2219 737 2265 ἐξ
763 2219 912 2257 ἐκείνου
937 2223 1003 2256 τοῦ
1029 2218 1184 2262 πάθους
1209 2219 1393 2268 Κούρτιος
1420 2221 1557 2263 λάκκος
1583 2219 1623 2258 ἐν
1649 2223 1748 2269 μέσῳ

226 2258 391 2313 μα’λιστα
417 2263 469 2302 ὧν
501 2281 567 2311 της
587 2265 787 2311 Ρωμαίων
819 2263 973 2312 ἀγορᾶς.
1023 2269 1068 2306 ef.
1096 2280 1125 2301 c.
1151 2270 1194 2301 46
1216 2272 1275 2310 fin.
1325 2271 1439 2303 Minus
1470 2272 1635 2303 adcurate
1666 2271 1749 2302 haee

226 2317 385 2357 ezposzcit
415 2316 529 2347 Liuius·
554 2315 575 2346 I
603 2316 660 2356 12,
687 2317 724 2348 8:
758 2315 910 2347 Mettius
943 2314 1090 2346 Curtius
1120 2316 1164 2347 ab
1197 2314 1342 2347 Sabinis
1373 2315 1546 2358 princeps
1585 2316 1631 2347 ab
1665 2325 1748 2348 arce

227 2361 485 2393 decucurrerat
512 2363 549 2391 ot
575 2360 710 2392 effusos
729 2364 855 2401 egerat
874 2361 1057 2392 Romanos
1082 2362 1198 2391 totum
1218 2364 1393 2402 quantum
1409 2360 1484 2393 foro
1503 2363 1663 2403 spatium
1682 2364 1748 2393 est.

227 2416 294 2438 nec
319 2405 443 2447 procul
469 2405 540 2436 iam
566 2415 587 2436 a
612 2408 717 2447 porta
744 2404 879 2436 Palatii
907 2407 997 2444 erat,
1025 2404 1216 2436 clamitans
1243 2406 1418 2438 ‘uicimus
1448 2405 1603 2448 perfidos
1627 2406 1746 2447 hospi-

228 2455 295 2488 tes,
322 2450 475 2483 inbelles
501 2450 633 2482 hostes.
681 2450 752 2481 iam
777 2450 897 2482 sciunt
922 2449 1029 2490 longe
1055 2449 1152 2481 aliud
1178 2460 1256 2482 esse
1283 2451 1446 2493 uirgines
1471 2461 1622 2493 rapere,
1648 2450 1748 2482 aliud

229 2506 388 2539 pugnare
416 2506 494 2527 cum
520 2495 641 2527 uiris’.
690 2496 726 2526 in
754 2505 833 2527 eum
859 2495 949 2527 haec
975 2494 1190 2536 gloriantem
1209 2506 1289 2527 cum
1315 2495 1420 2538 globo
1445 2495 1748 2529 ferocissimorum

228 2542 398 2573 iuuenum
423 2539 595 2573 Romulus
621 2541 794 2582 impetum
819 2539 927 2578 facit,
961 2550 1004 2571 ex
1032 2550 1124 2582 equo
1150 2543 1225 2572 tum
1251 2540 1343 2573 forte
1369 2541 1522 2573 Mettius
1547 2541 1747 2583 pugnabat,

230 2597 271 2618 eo
303 2586 390 2628 pelli
422 2586 571 2618 facilius
603 2585 684 2617 fuit.
734 2584 874 2627 pulsum
908 2585 1061 2617 Romani
1094 2589 1375 2628 persequuntur,
1408 2589 1442 2618 et
1480 2585 1552 2618 alia
1583 2586 1748 2619 Romana

343 2736 378 2773 9.
412 2730 635 2784 ἀποτροπῆς
669 2735 888 2782 Stephanus
947 2737 1168 2783 προτροπῆς
1200 2736 1290 2772 libri

343 2788 387 2839 (5,
421 2791 483 2827 14.
518 2792 637 2828 Aelius
668 2797 728 2828 aut
749 2791 911 2828 Lutatius
943 2792 1093 2828 uidetur
1124 2802 1206 2828 esse
1237 2792 1492 2828 scribendum.
1531 2791 1582 2838 cf.
1606 2790 1748 2828 Procil.

227 2847 283 2893 fr.
318 2848 338 2883 1
372 2859 405 2883 c.
439 2859 554 2885 coum.
589 2850 673 2884 crit.
