1884 3213
618 177 658 211 P.
686 176 911 209 RVTILIVS
937 176 1093 210 RVFVS
1443 187 1616 218 CCLXIII

93 291 206 329 Dion.
230 291 279 328 fr.
303 288 385 342 97),
404 289 472 328 sed
505 291 623 328 etiam
655 294 790 341 stupra
823 302 868 329 ac
899 289 1100 329 lubidines
1124 289 1218 340 (Cic.
1242 303 1314 342 pro
1335 292 1448 331 Font.
1475 290 1538 337 17,
1562 290 1616 331 38

95 355 189 413 [1‚3,
220 354 325 408 28]).
387 359 454 409 qui
486 369 577 396 cum
607 363 853 408 perorasset,
885 357 1081 403 Rutilius,
1115 363 1155 396 ut
1190 364 1274 397 erat
1306 360 1547 410 Integritatis
1579 366 1617 399 ct

93 426 345 464 innocentiae
378 438 470 463 snae
492 424 573 463 sibi
596 427 800 470 conscius,
834 438 958 477 paene
981 425 1199 471 Socratico,
1226 432 1268 465 ut
1291 426 1392 466 bene
1415 429 1469 466 ait
1491 428 1615 474 Quin-

91 491 254 531 tilianus
286 490 351 543 (XI
386 491 428 537 1,
454 490 541 544 12),
573 504 720 543 genere
753 492 998 531 defensionis
1030 506 1141 539 usus,
1176 496 1278 533 enon
1313 495 1428 533 modo
1451 496 1616 547 supplex

90 560 293 599 iudicibus
325 572 410 599 esse
442 560 591 604 noluit,
632 560 700 599 sed
732 571 780 599 ne
813 562 992 600 ornatius
1023 561 1184 612 quidem
1216 567 1282 600 aut
1317 561 1489 601 liberius
1521 575 1613 602 cau-

89 640 171 666 sam
203 627 283 666 dici
314 640 423 666 suam
455 640 573 678 quam
615 627 782 679 simplex
822 629 925 666 ratio
956 629 1139 667 ueritatis
1178 628 1354 668 ferebat’
1390 629 1532 680 (Cicer.
1567 631 1614 669 de

89 699 187 734 orat.
220 695 236 733 Ι
266 693 340 740 53,
372 692 467 734 229.
501 696 551 733 cs.
586 694 700 734 Oros.
732 695 762 732 V
795 693 874 746 17).
937 700 974 733 et
1006 708 1096 735 cum
1129 708 1175 735 eo
1214 698 1300 747 ipso
1335 702 1511 749 tempore
1544 700 1613 737 tlo-

86 768 224 802 rerent
255 763 574 814 eloquentissimi
604 763 705 807 uiri,
737 762 780 801 L.
804 762 967 802 Crassus
999 768 1037 801 et
1067 763 1116 801 M.
1139 764 1336 803 Antonius
1367 766 1613 811 consulares,

86 835 218 869 tamen
258 843 396 869 corum
435 830 661 882 eloquentia
699 835 831 882 spreta
862 836 1022 882 praeter
1060 844 1101 869 se
1141 832 1271 882 ipsum
1303 834 1503 872 neminem
1536 835 1613 872 nisi

87 897 324 949 quibusdam
356 911 403 937 ex
434 898 616 949 partibus
648 900 799 937 sororis
835 898 982 944 filium,
1022 898 1062 937 C.
1097 898 1248 937 Cottam
1289 904 1328 938 et
1358 900 1403 946 Q.
1436 900 1612 939 Mucium

86 967 258 1005 amicum
290 978 446 1004 causam
479 978 590 1005 suam
622 966 756 1005 dicere
788 978 926 1017 passus
957 972 1017 1005 est
1050 965 1145 1017 (Cic.
1178 966 1225 1005 de
1257 973 1355 1006 orat.
1389 968 1413 1006 l.
1438 981 1468 1007 s.
1500 968 1610 1008 Brut.

85 1031 161 1078 30,
196 1030 309 1085 115),
350 1046 515 1085 eosque,
548 1039 591 1072 ut
621 1034 796 1079 uidetur,
840 1046 884 1072 ea
923 1039 1076 1073 tantum
1115 1033 1231 1072 modo
1269 1035 1528 1081 condicione,
1570 1042 1613 1075 ut

86 1100 196 1139 nullo
227 1101 416 1152 adparatu
457 1107 495 1140 et
533 1102 772 1152 simpliciter
810 1114 851 1140 se
891 1101 1163 1140 defenderent.
1225 1101 1321 1141 haec
1360 1108 1491 1141 autem
1527 1105 1612 1155 ipsa

85 1169 209 1207 animi
241 1170 419 1219 aequitas
449 1170 567 1207 etiam
600 1171 726 1219 magis
759 1169 910 1208 iudices
946 1168 1205 1208 exacerbasse
1236 1169 1398 1209 uidetur
1430 1176 1487 1214 et,
1521 1184 1611 1210 cum

85 1235 275 1275 nobilitas
306 1242 389 1275 tum
429 1249 469 1275 se
510 1249 588 1275 non
627 1237 792 1275 auderet
829 1249 1090 1279 conmouere,
1131 1242 1270 1276 contra
1309 1239 1429 1276 etiam
1460 1238 1610 1278 Marius

85 1315 237 1341 summa
269 1316 342 1354 ope
374 1305 571 1343 niteretur
604 1303 666 1355 (fr.
699 1304 738 1342 4.
770 1304 843 1343 Dio
875 1304 900 1342 l.
934 1304 1001 1356 s.)‚
1040 1304 1216 1343 Rutilius
1248 1304 1364 1343 bonis
1396 1310 1537 1345 exutus
1569 1308 1609 1345 in

85 1370 249 1409 exilium
282 1372 434 1410 eiectus
465 1377 537 1410 est.

195 1438 378 1477 Periurio
410 1444 541 1478 tamen
564 1439 741 1478 iudicum
765 1452 854 1478 eum
877 1439 1183 1479 condemnatum
1216 1451 1301 1479 esse
1324 1445 1406 1478 tum
1432 1443 1609 1481 omnium

83 1518 279 1545 consensu
310 1506 527 1552 ferebatur,
559 1519 659 1558 quae
690 1508 826 1558 opinio
859 1520 904 1546 eo
926 1508 1052 1557 magis
1074 1513 1188 1546 aucta
1210 1513 1249 1545 et
1273 1509 1504 1547 confirmata
1536 1515 1607 1554 est,

83 1586 173 1612 cum
205 1575 246 1612 in
277 1575 364 1613 eius
395 1574 511 1613 domo
542 1576 673 1614 minor
695 1576 864 1626 pecunia
896 1576 1162 1620 inueniretur,
1196 1588 1313 1626 quam
1336 1589 1426 1615 eum
1449 1589 1495 1615 ex
1518 1577 1608 1615 Asia

83 1641 355 1693 deportauisse
378 1648 584 1681 accusator
607 1642 921 1687 insimulauerat,
947 1655 1069 1694 eaque
1092 1641 1140 1681 ad
1162 1642 1380 1693 legitimam
1403 1649 1442 1682 et
1464 1645 1607 1683 iustam

82 1710 278 1760 originem
310 1710 532 1748 referretur
556 1709 641 1748 (Dio
663 1710 688 1749 l.
712 1710 773 1761 s.).
814 1723 863 1749 ne
895 1710 1039 1755 multa,
1072 1722 1151 1749 non
1182 1717 1347 1762 propter
1378 1712 1508 1751 scelus
1539 1713 1607 1751 sed

81 1782 245 1828 propter
276 1777 398 1815 animi
430 1778 720 1828 integritatem,
761 1790 836 1828 qua
876 1779 1098 1817 inueterata
1138 1780 1196 1817 rei
1229 1792 1266 1830 p.
1300 1780 1400 1818 mala
1433 1780 1606 1819 euellere

81 1844 307 1889 studuerat,
347 1849 384 1883 et
414 1850 578 1896 propter
615 1847 865 1897 optimatium
899 1846 1092 1885 inuidiam
1121 1847 1186 1884 uir
1224 1846 1290 1885 ille
1322 1846 1423 1886 ‘non
1456 1848 1605 1886 saeculi

81 1913 143 1951 sui
165 1911 232 1951 sed
255 1913 384 1950 omnis
407 1914 495 1951 aeui
518 1914 712 1964 optimus'
739 1913 889 1965 (Vellei.
914 1913 948 1952 II
973 1911 1036 1966 13)
1071 1915 1254 1952 fortunae
1277 1914 1419 1954 cedere
1444 1920 1606 1954 coactus

81 1985 152 2018 est.
212 1979 399 2029 Migrauit
436 1981 476 2018 in
513 1980 645 2019 Asiam
685 1986 723 2020 et
761 1983 794 2020 si
827 1983 1081 2020 innocentiae
1119 1981 1358 2021 documento
1401 1995 1499 2034 opus
1531 1988 1603 2027 est,

80 2047 129 2086 ab
159 2048 315 2086 Asianis
346 2047 421 2086 hoc
453 2049 489 2086 ei
521 2048 697 2087 additum
729 2054 801 2088 est.
835 2050 949 2100 quasi
986 2048 1238 2100 triumphans
1276 2051 1384 2088 enim
1425 2050 1510 2089 illic
1541 2063 1604 2089 re-

80 2120 218 2166 ceptus
256 2119 316 2153 est
352 2120 391 2153 et
428 2114 477 2153 ab
517 2115 703 2155 omnibus
743 2116 979 2155 ciuitatibus
1010 2121 1191 2166 rogatus,
1231 2122 1274 2155 nt
1314 2118 1354 2155 in
1394 2129 1463 2155 sua
1502 2117 1603 2157 urbe

79 2182 326 2221 domicilium
358 2182 587 2222 conlocaret
620 2181 713 2233 (Val.
747 2184 846 2222 Max.
870 2183 905 2222 ΙΙ
930 2181 1000 2229 10,
1023 2182 1077 2235 5).
1127 2183 1195 2222 sed
1227 2185 1356 2235 primo
1387 2185 1603 2235 Mytilenen

79 2262 119 2288 se
151 2249 339 2294 contulit,
372 2255 477 2295 tum,
511 2263 601 2289 cum
632 2264 666 2290 a.
699 2248 766 2290 88.
790 2248 872 2290 666
903 2250 1152 2290 Mithridates
1182 2251 1399 2296 Romanos,
1433 2265 1531 2303 quos
1561 2254 1602 2291 in

79 2318 168 2356 Asia
200 2319 391 2368 consequi
428 2323 581 2369 posset,
623 2318 861 2363 trucidaret,
902 2319 1004 2369 fugit
1044 2318 1139 2368 (Cic.
1172 2330 1232 2369 pr.
1264 2318 1363 2357 Rab.
1396 2319 1502 2358 Post.
1539 2318 1600 2364 10,

79 2381 145 2435 27)
179 2384 385 2435 Smyrnam
417 2384 553 2436 ibique
585 2398 604 2424 a
636 2386 866 2437 Smyrnaeis
895 2386 1065 2424 maxime
1097 2385 1314 2424 honoratus
1354 2392 1392 2425 et
1427 2388 1468 2425 in
1499 2388 1600 2425 ciui-

81 2457 199 2491 tatem
241 2458 426 2503 receptus
466 2450 560 2502 (Cic.
601 2465 661 2504 pr.
693 2453 804 2492 Balb.
841 2452 911 2498 11,
943 2450 1011 2492 28.
1063 2453 1186 2492 Tacit.
1228 2466 1318 2492 ann.
1360 2453 1433 2492 IIII
1469 2452 1538 2505 43)
1579 2467 1600 2492 3

80 2519 188 2558 Sulla
218 2521 365 2558 frustra
397 2521 438 2558 in
469 2522 639 2571 patriam
669 2526 881 2560 reuocatus
913 2519 1061 2570 (Quint.
1085 2519 1137 2558 XI
1161 2519 1196 2565 1,
1223 2518 1286 2558 12.
1319 2520 1458 2559 Senec.
1483 2522 1598 2572 epist.

78 2584 146 2625 24.
179 2583 244 2624 79.
276 2583 343 2637 98)
377 2589 586 2626 consenuit
618 2594 655 2627 et
687 2588 792 2626 diem
823 2600 1054 2639 supremum
1085 2587 1198 2626 obiit.
1255 2588 1302 2626 de
1333 2600 1436 2626 anno
1467 2588 1600 2626 minus

79 2658 245 2692 constat.
285 2655 422 2704 utique
452 2655 553 2693 uixit
575 2645 614 2694 a.'
633 2653 698 2694 78.
721 2653 823 2699 676,
856 2668 932 2706 quo
965 2667 1054 2694 011111
1086 2655 1225 2694 Cicero
1258 2656 1298 2693 in
1322 2655 1465 2693 itinere
1487 2655 1596 2693 Asia-

78 2722 159 2759 tico
191 2720 380 2771 Smyrnae
410 2722 507 2759 uisit
539 2719 661 2770 (Brut.
693 2719 769 2767 22,
802 2719 868 2761 85.
902 2723 948 2761 (10
980 2735 1063 2774 rep.
1096 2722 1113 2760 I
1144 2719 1190 2765 8,
1217 2718 1302 2772 13),
1336 2726 1373 2759 et
1404 2734 1507 2760 anno
1530 2720 1596 2760 77.

79 2786 173 2832 677,
205 2800 283 2839 quo
314 2799 404 2826 011111
426 2799 649 2826 sermonem
681 2788 730 2827 de
751 2795 892 2829 natura
914 2790 1079 2828 deorum
1103 2788 1284 2827 habitum
1307 2800 1392 2827 esse
1414 2789 1595 2839 fingeret,

81 2855 219 2894 Cicero
251 2866 340 2893 eum
373 2859 415 2893 ut
445 2855 649 2895 uiuentem
680 2858 993 2895 conmemorauit
1027 2855 1092 2906 (ΙΙΙ
1119 2853 1196 2901 33,
1219 2852 1300 2906 80).
1342 2855 1477 2895 Paullo
1509 2869 1595 2896 cer-
