1884 3213
539 187 581 218 L.
607 187 814 220 COELIVS
841 187 1117 220 AN'rll‘A'rlclz
1397 197 1588 226 (tcxvllll

67 301 307 340 Graecorum
341 313 450 339 more
483 312 618 339 rerum
650 302 871 340 narrationi
912 303 1167 352 interpositas
1199 314 1297 340 esse.
1361 302 1400 340 id
1433 301 1537 353 quod
1571 315 1590 340 a

67 369 258 407 Cicerone
290 368 450 406 silentio
482 370 807 419 praetermissum
841 382 946 413 esse,
988 382 1033 407 eo
1065 371 1190 419 magis
1231 372 1444 415 miramur,
1487 369 1591 421 quod

67 438 102 475 ei
134 436 233 475 illud
264 437 349 474 sine
382 435 504 474 dubio
536 436 796 475 uehementer
828 437 989 488 placuit.
1033 449 1268 489 quamquam
1303 438 1449 476 dixerit
1481 439 1590 489 quis-

65 505 186 556 piam,
219 505 297 543 iam
328 505 370 543 in
399 504 557 543 Catonis
589 504 815 554 originibus
847 506 990 543 multas
1021 507 1222 544 orationes
1253 507 1451 544 exstitisse
1485 507 1590 543 eius-

66 585 141 624 que
173 572 398 624 exemplum
429 574 627 611 imitatum
659 585 744 610 esse
768 572 959 611 Coelium.
1022 578 1060 611 at
1091 585 1155 611 res
1186 573 1303 623 longe
1335 574 1493 612 diuersa
1517 578 1589 611 est.

67 640 161 679 Cato
193 641 298 679 enim
330 653 395 679 eas
425 645 579 679 tantum
611 640 727 678 modo
759 652 856 691 quas
888 642 972 691 ipse
1005 640 1158 679 dixerat,
1189 643 1412 686 orationes,
1454 648 1497 679 ut
1528 654 1590 679 re-

68 720 155 746 rum
187 709 299 759 quasi
330 713 586 747 monumnenta
618 713 762 752 essent,
797 710 838 746 in
861 709 1037 758 origines
1067 720 1158 746 suas
1181 714 1400 760 receperat,
1434 709 1592 747 Coelius

68 788 164 815 uero
196 778 236 815 in
276 776 486 815 annalibus
525 777 607 815 suis
639 777 758 814 etiam
790 776 944 814 Poenos
982 776 1190 827 loquentes
1231 781 1269 815 et
1300 777 1498 816 Romanos
1531 777 1593 815 uel

66 845 218 883 Poenos
258 845 363 883 inter
403 857 444 883 se
484 846 525 883 in
557 848 697 883 senatu
738 843 877 882 uerbis
908 849 1108 882 certantes
1140 844 1351 883 induxerat
1385 846 1446 895 (t'r.
1479 843 1519 883 5.
1553 842 1591 883 9.

71 910 134 950 16.
158 909 226 950 26.
249 910 332 964 47),
367 925 463 963 quas
495 914 712 956 orationes,
747 925 837 950 cum
869 913 1114 950 ornamfflltis
1146 917 1185 950 et
1217 911 1437 950 luminibus
1471 913 1592 950 histo-

68 981 166 1018 riam
198 979 412 1019 inlustrare
445 980 586 1025 uellet,
620 982 750 1032 ipsum
781 985 1037 1018 conmentum
1069 992 1154 1018 esse
1186 981 1253 1017 uix
1285 981 1492 1031 quisquam
1525 993 1593 1018 ne-

70 1047 194 1097 gabit.
226 1048 345 1099 quid?
378 1048 481 1099 quod
514 1049 649 1087 nescio
672 1060 720 1087 an
743 1060 879 1087 earum
903 1049 1129 1086 orationum
1161 1060 1336 1086 sunnnae
1359 1060 1458 1098 quae
1491 1048 1593 1099 apud

69 1115 227 1154 Liuium
259 1116 354 1155 libri
380 1115 469 1154 XXI
500 1117 616 1154 initio
649 1117 836 1167 leguntur
867 1129 995 1168 neque
1027 1129 1074 1154 ex
1096 1115 1261 1167 Polybio
1294 1117 1491 1166 originem
1523 1116 1592 1153 du-

69 1188 182 1227 cunt,
224 1183 271 1221 ad
311 1185 437 1235 ipsius
469 1184 594 1223 Coelii
632 1189 755 1222 artem
788 1184 1036 1223 reuocandac
1076 1186 1167 1222 sint.
1230 1196 1358 1234 neque
1392 1185 1497 1222 enim
1529 1184 1592 1222 Li-

70 1252 160 1289 uius
200 1263 297 1302 quas
336 1252 506 1290 inseruit
545 1253 748 1290 orationes
787 1264 923 1290 omnes
968 1257 1069 1290 totas
1109 1264 1179 1290 suo
1220 1253 1381 1301 ingenio
1421 1264 1593 1302 suaeque

70 1319 295 1358 inuentioni
333 1319 518 1358 debebat.
581 1321 632 1358 cf.
665 1333 698 1358 e.
733 1334 766 1358 c.
808 1320 1008 1370 Scipionis
1038 1318 1353 1369 Hannibalisque
1393 1320 1594 1357 orationes

70 1392 159 1425 ante
198 1398 373 1438 pugnam
406 1387 636 1426 Zamensem
675 1387 831 1426 habitas
873 1387 976 1439 apud
1016 1387 1175 1425 Liuium
1207 1386 1313 1424 XXX
1342 1384 1523 1425 29-31
1557 1392 1595 1425 et

69 1454 278 1506 Polybium
319 1454 385 1493 XV
423 1452 450 1494 5
481 1468 563 1506 sqq.
626 1455 827 1506 Scipionis
869 1461 956 1506 post
987 1454 1225 1493 seditionem
1258 1454 1429 1492 militum
1462 1455 1502 1492 in
1525 1454 1593 1492 lli-

70 1523 208 1574 spania
239 1527 385 1561 motam
417 1523 520 1574 apud
551 1523 637 1562 Liu.
660 1522 819 1560 XXVIII
850 1520 1030 1567 27-29,
1054 1520 1078 1560 8
1111 1527 1148 1560 et
1179 1518 1593 1572 P013·]›.X128—29.

69 1590 261 1629 Eumenis
282 1590 607 1642 Rhodiorumque
639 1590 741 1642 apud
763 1590 850 1629 Liu.
874 1590 1047 1628 XXXVII
1068 1586 1237 1628 523-—54
1268 1594 1305 1627 et
1327 1588 1464 1639 Polyb.
1490 1588 1595 1627 XXII

70 1655 193 1697 2-6.
240 1658 469 1696 Lachmann
501 1658 537 1696 d.
572 1659 598 1696 s.
630 1658 716 1697 Liu.
750 1658 784 1696 ΙΙ
822 1672 859 1710 p.
896 1655 987 1696 115.
1034 1658 1195 1701 Nissen,
1240 1657 1594 1705 Unterszcclzzmqen

70 1739 108 1777 p.
143 1723 209 1764 27.
233 1722 299 1763 92.
360 1725 523 1764 uidetur
554 1731 685 1764 autem
717 1726 876 1765 Coelius
908 1726 1067 1764 adiutus
1099 1738 1185 1763 esse
1218 1726 1259 1763 in
1290 1725 1365 1763 hoc
1397 1737 1467 1763 suo
1500 1737 1593 1763 con-

72 1794 162 1832 silio
203 1805 247 1832 ea
288 1805 329 1831 re
361 1793 465 1844 quod
497 1793 676 1838 Silenus,
717 1806 834 1845 quem
872 1795 1110 1845 primarium
1150 1797 1354 1832 auctorem
1395 1793 1432 1830 ei
1471 1793 1594 1831 fuisse

71 1873 160 1900 mox
193 1861 467 1906 ostendemus,
508 1863 674 1901 minime
706 1874 851 1913 parcus
892 1862 931 1899 in
964 1860 1215 1900 orationibus
1247 1859 1474 1899 inserendis
1505 1860 1593 1898 fuit.

73 1929 163 1968 uide
202 1941 302 1980 quae
339 1928 527 1980 Polybius
566 1929 619 1968 ΙΙΙ
657 1926 713 1968 20
754 1929 953 1968 Chaereae
986 1934 1024 1968 et
1063 1928 1191 1967 Sosilo
1224 1927 1461 1979 exprobrat,
1495 1940 1594 1978 quae

73 1997 192 2035 etiam
224 1997 265 2034 in
297 1995 477 2035 Silenum
507 1996 611 2036 dicta
644 2009 729 2036 esse
751 1994 1028 2049 uideantur¹):
1066 1993 1126 2034 Οἱ
1151 1992 1199 2033 δὲ
1224 1991 1425 2047 Ῥωμαῖοι
1456 2002 1596 2045 προσ-

73 2062 354 2110 πεπτωκυίας
383 2058 533 2110 αὐτοῖς
560 2058 643 2115 ἤδη
666 2063 741 2116 τῆς
762 2064 852 2102 τῶν
874 2062 1177 2102 Ζακανθαίων
1207 2058 1428 2113 ἁλώσεως,
1461 2057 1515 2100 οὐ
1535 2057 1595 2112 μοὶ

74 2130 164 2170 Δία
194 2129 296 2182 περὶ
326 2130 407 2170 τοῦ
436 2128 636 2182 πολέμου
666 2128 764 2170 τότε
787 2127 1048 2182 διαβούλιον
1077 2120 1212 2182 ἦγον,
1245 2126 1451 2181 καθάπερ
1484 2127 1595 2167 ἔνιοι

76 2197 166 2236 τῶν
199 2195 498 2250 συγγραφέων
529 2198 662 2250 φασί,
703 2196 1164 2251 προςκατατάττοντες
1200 2196 1263 2236 ἐτι
1294 2192 1368 2235 καὶ
1398 2209 1505 2242 τους
1537 2195 1596 2243 εἰς

75 2262 261 2317 ἑκάτερα
294 2262 513 2318 ῥηθέντας
544 2263 718 2317 λόγους,
753 2264 936 2305 πάντων
966 2262 1253 2305 ἀτοπώτατον
1284 2264 1465 2316 πρᾶγμα
1495 2275 1595 2302 ποι-

75 2332 238 2380 οῦντες.
274 2356 326 2361 -
351 2329 462 2385 πρὸς
492 2331 574 2384 μὲν
605 2331 691 2373 οὐν
720 2331 773 2372 τὰ
802 2333 984 2372 τοιαῦτα
1014 2332 1104 2372 τῶν
1135 2329 1494 2384 συγγραμμάτων
1525 2322 1596 2370 οἷα

73 2397 236 2452 γράφει
276 2398 464 2451 Χαιρέας
503 2399 576 2439 και
609 2399 825 2448 Σωσύλος
861 2397 997 2440 οὐδὲν
1035 2394 1090 2439 ἂν
1129 2398 1222 2439 δέοι
1261 2396 1398 2438 πλέον
1437 2396 1594 2449 λεγειν.

75 2462 129 2507 οὐ
158 2463 246 2519 γὰρ
278 2465 474 2519 ἱστορίας
495 2464 608 2507 ἀλλὰ
638 2469 888 2520 κουρεακῆς
918 2466 992 2507 καὶ
1013 2462 1250 2519 πανδήμου
1272 2466 1427 2513 λαλιᾶς
1449 2465 1595 2518 ἔμοιγε

77 2532 261 2574 δοκοῦσι
291 2532 417 2582 τάξιν
448 2534 565 2587 ἔχειν
596 2534 670 2574 καὶ
701 2532 910 2587 δύναμιν.

189 2602 385 2648 Quoniam
417 2603 526 2642 hisce
558 2604 696 2643 uerbis
728 2604 852 2643 Coelii
884 2603 1091 2642 scribendi
1126 2605 1295 2641 uirtutes
1326 2602 1593 2651 exposuimus,

78 2681 183 2709 nunc
214 2671 418 2720 pergimus
450 2670 497 2708 ad
535 2670 651 2709 fidem
683 2672 769 2710 eius
807 2671 1037 2710 historicam
1070 2669 1369 2709 examinandam
1408 2673 1446 2706 et
1478 2669 1593 2706 aesti-

170 2824 195 2866 1)
227 2825 270 2857 G.
300 2824 459 2866 Bujack,
493 2827 534 2858 de
566 2825 678 2858 Sileno
709 2829 878 2871 scriptore
910 2827 1129 2863 Hannibalis.
1184 2824 1324 2866 Regim.
1362 2825 1457 2856 1859.
1494 2834 1526 2865 p.
1555 2826 1586 2857 5.

81 2882 131 2913 14.
161 2883 212 2914 18.
