1884 3213
61 924 91 947 10

63 1938 96 1963 25

236 189 278 220 L.
306 186 566 219 CALPVRNII
592 185 780 219 PISONIS
809 185 1036 219 CENSORII
1063 184 1209 217 FRVGI
1234 184 1458 218 ANNALles·
1555 183 1633 223 1:35

114 296 184 342 ἐπ’
217 299 290 353 ἔτη
326 298 653 351 τετταράκοντα
691 297 764 338 καὶ
802 297 988 351 τέτταρα
1019 296 1253 350 κατέσχεν,
1293 293 1425 348 ὥστ’,
1465 295 1506 336 εί
1532 292 1631 335 κατ’

114 367 290 408 ἐκεῖνον
326 363 408 407 τόν
453 365 618 420 χρόνον
663 363 1102 419 ἑπτακαιεικοσαέτης
1141 358 1199 418 ἦν
1230 362 1303 405 ὅτε
1347 361 1632 416 ἀπεστερεῖτο

112 435 188 488 τῆς
227 431 363 488 ἀρχῆς
401 431 424 474 ὁ
464 431 769 487 πρεσβύτερος
814 435 905 474 τῶν
950 433 1241 486 Ταρκυνίων,
1281 429 1396 484 ὑπὲρ
1441 429 1633 484 ἑβδομή-

112 516 247 543 κοντα
279 500 328 543 δὲ
367 502 440 554 ἔτη
478 498 674 554 γεγονώς
712 495 768 540 ἄν
798 493 856 553 ἦν
895 497 967 541 ὅτε
1005 499 1086 540 τὸν
1123 499 1318 540 Τύλλιον
1356 496 1630 539 ἀπέκτεινεν.

113 569 163 611 ἐν
195 569 406 623 κρατίστῃ
438 569 489 609 δέ
524 583 574 621 γε
611 564 749 608 αὐτὸν
787 565 937 622 ἡλικία
974 566 1074 608 τότε
1111 563 1220 607 ὄντα
1259 565 1634 620 παραδεδώκασιν

112 636 160 678 οἱ
191 642 466 690 συγγραφεῖς
503 638 579 677 καί
615 645 755 688 φασιν
799 628 865 675 ὅτι
909 633 1102 675 Τύλλιον
1148 631 1280 682 αὐτὸς
1324 630 1545 687 ἀράμενος
1585 633 1633 674 ἐκ

112 707 192 746 τοῦ
222 704 551 758 βουλευτηρίου
590 702 663 744 καὶ
701 701 855 755 φέρων
893 700 973 751 ἔξω
1013 698 1125 742 κατὰ
1154 704 1246 742 τῶν
1277 702 1509 755 κρηπίδων
1542 700 1634 749 ἐξέ-

112 787 224 826 χεεν.
286 770 314 826 ἥ
352 787 398 812 τε
431 771 479 812 ἐκ
517 773 595 823 τῆς
632 767 768 823 ἀρχῆς
806 769 1023 818 ἔκπτωσις
1067 765 1206 809 αὐτοῦ
1244 770 1415 820 γίνεται
1454 768 1634 822 πέμπτῳ

112 839 186 880 καὶ
218 839 402 893 εἰκοστῷ
440 835 548 893 μετὰ
585 839 724 878 ταῦτα
756 837 864 890 ἔτει,
905 836 978 877 καὶ
1009 835 1152 892 τούτῳ
1182 838 1242 890 τῷ
1273 837 1360 877 ἔτει
1392 834 1632 889 στρατευό-

114 921 245 961 μενος
277 906 328 947 έν
357 908 418 961 τῷ
450 903 561 959 πρὸς
588 901 822 958 Ἀρδεάτας
853 902 1075 957 εἰσάγεται
1096 904 1272 959 πολέμῳ
1304 903 1377 944 καὶ
1407 902 1552 944 πάντα
1583 900 1635 942 τὰ

113 975 220 1028 ἔργα
251 971 311 1014 δι’
345 972 507 1014 ἑαυτοῦ
538 974 694 1014 τελῶν.
737 969 819 1012 οὐκ
851 973 938 1031 ἔχει
970 971 1018 1013 δὲ
1050 971 1187 1025 λόγον
1219 971 1270 1013 ἐν
1300 971 1509 1025 πολέμοις
1540 968 1634 1020 ἐξε-

112 1041 320 1091 τάζεσθαι
359 1043 486 1095 σῶμα
523 1037 689 1093 ἀνδρὸς
728 1039 771 1089 ἓξ
812 1039 885 1080 καὶ
925 1039 1197 1093 ἐνενήκοντα
1241 1037 1508 1092 βεβιωκότος
1547 1039 1634 1091 ἔτη.

115 1108 319 1150 ἐκπεσών
348 1123 396 1149 τε
425 1110 502 1162 τῆς
532 1106 667 1162 ἀρχῆς
688 1108 752 1148 ἔτι
783 1108 968 1161 πολεμεῖ
988 1104 1218 1162 Ῥωμαίοις
1239 1104 1320 1147 οὐκ
1350 1105 1514 1147 ἐλάττω
1536 1120 1636 1146 τετ-

113 1176 264 1228 τάρων
302 1176 376 1216 καὶ
416 1174 522 1216 δέκα
563 1175 698 1227 ε’τῶν,
743 1171 875 1223 αὐτὸς
915 1175 965 1216 ἐν
1001 1181 1094 1223 τοῖς
1137 1173 1394 1228 πράγμασιν
1441 1172 1633 1223 ἐξεταζό-

116 1258 270 1298 μενος,
310 1241 369 1292 ὥς
400 1253 552 1297 φασιν.
613 1238 638 1283 ὃ
667 1239 787 1295 παρὰ
817 1239 894 1291 τὰς
932 1239 1084 1290 κοινὰς
1123 1240 1334 1283 ἁπάντων
1367 1239 1460 1282 ἐστὶ
1491 1239 1635 1291 δόξας,

115 1311 188 1352 καὶ
219 1308 241 1352 ὁ
273 1312 354 1352 τοῦ
384 1311 488 1363 βιόυ
526 1309 687 1364 χρόνος
725 1307 844 1363 αὐτῷ
883 1310 1051 1351 πλείων
1089 1307 1383 1364 ἀναφαίνεται
1414 1307 1503 1349 τῶν
1534 1306 1612 1348 ἑκα

114 1375 193 1420 τὸν
231 1378 304 1419 καὶ
343 1377 449 1418 δέκα
485 1374 683 1431 γεγονώς
715 1378 847 1418 ἐτῶν·
882 1379 1014 1419 τοῦτο
1047 1377 1095 1418 δὲ
1132 1375 1181 1418 τὸ
1220 1379 1358 1432 μῆκος
1396 1376 1486 1416 τῶν
1524 1376 1636 1428 βίων

115 1442 170 1487 οὐ
199 1446 421 1500 φέρουσιν
453 1445 500 1486 οἶ
525 1442 631 1486 καθ’
661 1442 774 1498 ἡμᾶς
802 1442 943 1486 τόποι.
968 1470 1023 1475 —-
1052 1443 1226 1486 τούτων
1256 1442 1310 1498 δὴ
1341 1445 1433 1484 τῶν
1463 1440 1635 1483 άδυνά-

116 1529 206 1555 των
235 1528 282 1554 τε
320 1512 393 1554 καὶ
432 1511 611 1554 ἀτόπων
648 1511 810 1553 ἕκαστα
851 1508 1206 1566 ἐπιλογιζόμενος
1244 1509 1324 1565 οὐχ
1364 1508 1491 1559 υἶούς
1523 1505 1636 1551 εἶναι

62 1601 77 1615 0
125 1582 380 1635 Ταρκυνίου
409 1579 568 1635 γράφω
600 1578 705 1629 τούς
734 1580 895 1628 παῖδας
935 1577 1035 1620 ἀλλ’
1068 1576 1282 1632 υἱωνούς,
1317 1578 1493 1633 Λευκίῳ
1525 1577 1638 1618 Πεί-

117 1660 228 1690 σωνι
264 1650 324 1702 τῷ
358 1647 505 1701 Φρυγὶ.
544 1646 948 1701 συγκαταθέμενος.
1013 1645 1182 1695 ἐκεῖνος
1218 1644 1302 1700 γὰρ
1337 1645 1386 1687 ἐν
1417 1651 1511 1692 ταῖς
1543 1645 1637 1685 ἐνι-

117 1717 289 1764 αυσίοις
319 1716 639 1768 πραγματείαις
669 1717 801 1756 τοῦτο
835 1714 1041 1768 ἱστόρηκε
1072 1713 1220 1768 μόνος.

229 1783 334 1828 16*.
374 1786 461 1824 Le'u.
494 1786 517 1823 I
545 1782 620 1832 55,
656 1783 678 1823 7
720 1784 855 1836 ltaque
895 1785 1123 1823 Pometinae
1163 1783 1373 1822 manubiae
1416 1781 1536 1833 [quas
1574 1794 1637 1820 ce-

114 1858 234 1904 perat
278 1853 522 1901 Tarquinius
565 1852 767 1902 Superbus
809 1854 906 1891 urhe
940 1851 1104 1903 capla]
1151 1865 1250 1903 quae
1297 1850 1552 1902 perducendo
1591 1850 1637 1888 ad

120 1922 278 1960 culmen
309 1921 422 1972 operi
455 1919 620 1971 [templo
644 1919 883 1971 Capitolino]
918 1920 1136 1958 destinatae
1168 1924 1293 1964 erant,
1328 1920 1393 1957 uix
1426 1920 1464 1957 in
1498 1917 1636 1956 sunda-

119 1995 249 2028 menta
289 1987 607 2040 suppffllitauere.
667 1988 723 2026 Εο
756 1989 880 2038 magis
911 1987 1056 2031 Fabio,
1090 1993 1367 2039 [waeterquam
1400 1985 1503 2036 qnod
1536 1986 1637 2023 anti—

119 2059 234 2109 quior
266 2062 344 2100 est,
385 2056 647 2100 crediderim,
686 2055 951 2106 quadraginta
983 2068 1028 2093 ea
1066 2054 1149 2094 sola
1180 2055 1327 2094 talenta
1366 2054 1489 2092 fuisse
1521 2065 1637 2103 quam

208 2212 272 2247 16.
273 2215 344 2265 cf.
372 2214 453 2245 Fal).
454 2213 527 2264 fr.
555 2214 608 2245 13.
642 2212 740 2251 Quem
766 2213 863 2249 Piso,
891 2214 1028 2244 eundem
1052 2212 1235 2262 Dionysius
1260 2209 1368 2252 (IIII
1391 2211 1449 2251 50)
1475 2219 1639 2260 numerum

120 2260 218 2291 dicit:
245 2252 343 2291 οὕτω
375 2255 418 2291 δε
447 2251 520 2300 άρα
545 2253 665 2295 πολὺς
690 2252 709 2290 5
743 2255 1014 2310 καταληφθεὶς
1048 2250 1210 2311 ἄργυρός
1240 2266 1278 2287 τε
1310 2253 1375 2288 καὶ
1407 2250 1541 2296 χρυσός
1559 2250 1635 2306 ἡν,

120 2298 213 2337 ὥστε
238 2301 312 2336 τῶν
336 2314 406 2345 μεν
432 2301 669 2356 στρατιωτῶν
700 2299 858 2336 ἕκαστον
882 2301 995 2335 πέντε
1016 2313 1114 2344 μνας
1140 2300 1324 2355 αργυρίου
1351 2299 1499 2351 λαβειν,
1527 2294 1568 2330 τὸ
1595 2296 1637 2330 δὲ

121 2352 200 2387 τοῖς
231 2350 344 2387 θεοῖς
375 2344 615 2381 δεκατευθεν
641 2341 823 2401 ἀργύριον
854 2346 1108 2401 τετρακοσίων
1139 2343 1183 2379 οὐ
1215 2347 1322 2387 μεῖον
1359 2342 1544 2394 γενέσθαι
1575 2354 1640 2375 τα-

121 2390 279 2445 λάντων,
298 2399 362 2426 tum
379 2393 551 2425 Plulmch.
570 2393 671 2443 ²³⁰1)st
690 2394 730 2425 15
754 2389 917 2436 Λέγεται
942 2389 984 2425 δὲ
1006 2385 1222 2433 Ταρκυνιον
1248 2387 1302 2428 εἰς
1328 2385 1414 2427 τοὺς
1432 2387 1639 2431 θεμελίους

122 2433 315 2472 ἀναλῶσαι
341 2437 470 2481 λίτρας
496 2437 623 2479 (asses)
650 2431 834 2481 ἀργυρίου
859 2437 1188 2480 τετρακισμυρίας.

237 2590 272 2625 1.
312 2586 346 2625 εἰ
375 2601 445 2625 om.
475 2589 563 2624 libri
592 2588 680 2625 add.
713 2587 933 2634 Stephanus
1103 2586 1143 2622 4.
1183 2580 1226 2620 δὲ
1256 2586 1418 2620 accessit
1455 2592 1507 2636 83:
1540 2581 1636 2618 Chis.

135 2646 260 2683 Vrbin.
290 2644 440 2682 Coissslm
613 2644 650 2680 8.
681 2639 840 2694 πέμπτῳ
871 2639 914 2679 δὲ
944 2640 1010 2679 καὶ
1052 2643 1178 2678 Vrhin.
1354 2640 1417 2675 11.
1451 2638 1526 2686 εἶχε
1568 2638 1638 2673 Vr-

124 2703 196 2738 bin.
374 2701 436 2736 12.
469 2703 580 2748 σῶμα
609 2694 755 2749 ἀνδρὸς
794 2712 862 2737 om.
906 2701 1032 2737 Vrbin.
1093 2701 1205 2745 σωμα
1242 2699 1279 2732 in
1309 2696 1458 2732 C'ozslm
1491 2705 1639 2741 quoque

96 2761 161 2794 ·in
200 2768 371 2806 ητανφηθ
409 2759 490 2793 sola
533 2760 672 2792 exstat.
858 2753 902 2801 εξ
931 2768 997 2792 και
1028 2750 1296 2803 ἕβδομηκοντα
1333 2747 1534 2800 βεβιωκὼς
1574 2746 1638 2798 ἔτη

136 2815 262 2851 Vrbin.
427 2813 489 2849 13.
521 2813 702 2861 πολεμεῖν
743 2812 869 2849 Vrbin.
900 2823 928 2848 s.
960 2825 1006 2848 m.
1167 2809 1230 2845 14.
1262 2805 1456 2858 τάγμασιν
1485 2807 1638 2844 Portus.

194 2870 257 2906 15.
289 2865 311 2905 ὃ
341 2871 427 2906 add.
458 2870 600 2907 Porcus
744 2868 806 2905 18.
838 2865 945 2904 τόκοι
978 2868 1206 2915 Stephanus.
