1884 3213
310 737 368 805 Q.
414 735 755 792 CLAVDIVS
799 735 1379 812 QVAI›RIGARIVS¹)

188 884 242 922 De
274 883 318 930 Q.
344 883 479 922 Claudi
502 880 792 934 Quadrigarii2)
828 885 874 921 ui
893 889 931 922 ta
964 896 1088 922 unum
1120 884 1315 922 disertum
1347 890 1488 923 testem
1511 898 1601 936 pro-

80 953 185 990 ferre
218 963 427 1002 possumus
449 951 664 995 Velleium,
698 953 812 989 euius
845 951 939 989 haec
972 957 1064 989 sunt
1088 951 1210 990 uerba
1236 949 1364 1003 1119ζ>τ
1407 954 1604 991 Vetustior

77 1019 247 1058 Sisenna
273 1018 356 1065 suit
388 1019 563 1063 Caelius,
596 1020 774 1067 aequalis
795 1018 989 1057 Sisennae
1010 1019 1182 1057 Rutilius
1205 1019 1476 1068 Claudiusque
1499 1020 1602 1066 Oua-

77 1087 284 1133 dre'yarius
303 1090 340 1123 et
371 1087 554 1124 Valerius
575 1088 727 1124 Antias.
762 1087 875 1124 euius
897 1088 1106 1137 scriptoris
1127 1087 1343 1125 auctoritas
1366 1100 1602 1139 quamquznn

81 1159 243 1204 propter
266 1166 459 1192 summam
490 1166 565 1204 qua
598 1154 838 1204 conseripsit
870 1153 1048 1192 libellum
1081 1154 1283 1192 leuitatem
1313 1167 1508 1205 perparua
1532 1162 1601 1196 est.

81 1226 119 1259 et
142 1220 209 1259 illo
232 1221 318 1259 loco
341 1220 517 1271 aequalis
539 1222 741 1259 notionem
764 1220 866 1258 haud
891 1222 940 1259 ita
965 1222 1061 1260 artis
1083 1221 1230 1260 tinibus
1252 1224 1498 1260 continuerit
1521 1222 1602 1273 (qui

79 1289 184 1326 enim
207 1287 381 1339 aequalis
404 1288 593 1327 Sisennae
616 1288 763 1326 dieitur
784 1287 959 1326 Rutilius
981 1293 1140 1339 praetor
1162 1290 1239 1327 suit
1259 1302 1292 1327 a.
1323 1288 1412 1329 111.
1436 1287 1532 1334 643,
1566 1290 1602 1328 id

78 1361 137 1394 est.
168 1357 330 1405 triginta
363 1354 492 1393 trihus
523 1357 637 1394 annis
669 1361 757 1394 ante
791 1355 1035 1407 Sisennam),
1068 1361 1197 1395 tamen
1230 1369 1328 1407 quae
1360 1356 1406 1394 de
1439 1357 1603 1395 Claudio

78 1428 116 1461 et
146 1424 300 1461 Antiate
332 1422 379 1461 ab
413 1435 459 1461 eo
480 1414 602 1462 relata
635 1428 747 1467 sunt,
781 1425 898 1461 etiam
920 1423 1080 1461 aliunde
1103 1425 1402 1469 confirmantur,
1434 1426 1602 1463 maxime

79 1491 204 1541 ipsius
236 1489 446 1540 relliquiis.
488 1502 575 1528 nam
610 1503 700 1529 cum
733 1503 778 1528 ex
811 1490 938 1529 Gellio
972 1489 1035 1539 (fr.
1068 1488 1134 1529 81.
1168 1488 1235 1542 82)
1269 1504 1360 1530 eum
1392 1491 1497 1530 libro
1530 1505 1601 1530 un-

55 1557 323 1596 rdeuieesimo
363 1569 427 1596 res
466 1571 499 1596 a.
539 1555 604 1596 87.
638 1556 717 1596 667
758 1558 822 1596 uel
855 1555 920 1596 86.
953 1555 1035 1596 668
1073 1564 1202 1608 gestas
1240 1559 1477 1609 conplexum
1517 1573 1603 1597 esse

79 1624 283 1675 adpareat,
316 1626 533 1663 uicesimus
564 1631 695 1664 autem
729 1626 870 1663 tertius
902 1624 1006 1663 liber
1036 1624 1084 1663 al)
1117 1626 1256 1664 eodem
1288 1628 1451 1667 citetur,
1485 1629 1602 1665 mini-

81 1704 188 1730 mum
220 1692 351 1730 Sullae
383 1692 619 1731 dictaturam
643 1693 848 1732 Claudium
880 1692 1030 1731 uidisse
1053 1693 1290 1743 conligitur;
1325 1700 1432 1733 certe
1465 1707 1602 1733 nume-

85 1771 172 1797 rum
205 1771 364 1803 eorum,
399 1761 467 1810 qui
498 1773 530 1798 a.
564 1757 630 1798 82.
663 1757 745 1798 672
776 1760 822 1798 de
854 1761 1032 1798 exercitu
1054 1760 1227 1799 Mariano
1258 1761 1304 1800 ad
1329 1762 1601 1813 Sacriportum

79 1828 183 1865 eaesi
217 1831 346 1868 erant,
380 1828 464 1877 ipse
496 1830 708 1867 memoriae
740 1827 970 1878 prodiderat
1001 1828 1064 1877 (fr.
1098 1825 1180 1879 84).

192 1894 291 1932 Tum
324 1895 440 1932 etiam
472 1893 620 1933 Fronto
654 1896 705 1944 (in
730 1908 790 1946 ep.
814 1895 859 1933 ad
882 1895 970 1933 Ver.
1004 1895 1019 1933 I
1045 1894 1065 1933 1
1098 1908 1135 1946 p.
1162 1893 1242 1934 114
1271 1896 1429 1948 Naber.)
1464 1897 1602 1936 eodeni

81 1962 162 1999 sere
203 1960 341 1999 ordine
379 1963 595 2012 scriptores
636 1963 738 2001 inter
776 1975 817 2001 se
855 1964 1099 2013 excipientes
1138 1964 1251 2008 facit,
1298 1977 1375 2014 quo
1406 1965 1600 2003 Velleius:

79 2028 295 2066 Historiam
326 2039 480 2076 quoque
507 2031 707 2078 scripsere
736 2053 791 2056 ——
820 2030 957 2069 Pictor
987 2031 1204 2074 incondite,
1239 2032 1431 2071 Claudius
1459 2033 1602 2080 lepide,

84 2097 225 2133 Antias
255 2097 485 2146 iuuenum,
517 2096 712 2136 Seisenuu
742 2099 969 2146 lonqinque.
1032 2098 1136 2136 unde
1172 2103 1394 2149 temporum
1426 2100 1509 2137 fere
1542 2112 1602 2137 ra-

81 2164 230 2200 tionem
271 2167 483 2214 utrunu‘lue
522 2169 560 2202 et
590 2164 781 2203 Velleium
824 2170 863 2203 et
893 2165 1132 2203 Frontonem
1171 2171 1351 2204 secutum
1390 2178 1475 2204 esse
1516 2168 1600 2204 ueri

81 2235 140 2267 est
170 2228 322 2273 simile,
356 2230 642 2282 Claudiumque
674 2233 883 2282 scripsisse
915 2237 1003 2271 ante
1035 2232 1262 2277 Sisennam,
1304 2234 1371 2283 qui
1402 2245 1504 2271 anuo
1535 2231 1602 2271 67.

82 2294 161 2335 687
195 2301 377 2335 mortuus
408 2295 527 2349 est3)‚
569 2299 607 2336 id
647 2304 726 2342 est,
767 2301 799 2337 si
838 2300 997 2350 quidem
1036 2300 1162 2350 ipsius
1200 2300 1397 2351 relliquiis
1435 2301 1535 2338 ultra
1568 2315 1601 2338 a.

82 2361 148 2401 82.
180 2361 262 2402 672
292 2363 533 2404 adscendere
566 2372 767 2410 uetamur‚
800 2368 914 2405 annis
945 2368 1028 2405 fere
1060 2363 1126 2405 80.
1159 2364 1380 2405 674—70.
1412 2365 1507 2406 684.

176 2490 199 2530 ¹)
226 2489 485 2530 Giesebrecht‚
511 2488 548 2528 Q.
577 2489 735 2521 Claudius
761 2488 1017 2531 Quadrigarius.
1066 2489 1245 2522 Prenzlau
1273 2491 1370 2522 1831.

173 2546 199 2587 2)
226 2547 280 2579 De
305 2546 513 2579 nominibus
538 2545 627 2578 satis
654 2548 815 2586 constat,
843 2556 922 2578 eum
948 2546 1068 2577 omnia
1094 2546 1327 2587 conpluribus
1353 2545 1443 2577 loeis
1469 2545 1603 2577 tradita

84 2602 176 2642 sint,
201 2611 318 2642 neque
342 2606 466 2634 tamen
490 2611 580 2633 una:
611 2601 717 2633 modo
743 2602 836 2632 enim
863 2602 1020 2640 Quintus
1046 2601 1221 2633 Claudius
1248 2600 1464 2642 appellatur,
1497 2601 1602 2632 modo

84 2656 257 2688 Claudius
284 2658 567 2699 Quadrigarius,
601 2658 704 2689 modo
738 2656 913 2689 Claudius
946 2660 1010 2689 aut
1035 2657 1317 2699 Quadrigarius,
1352 2667 1422 2687 uno
1454 2656 1533 2687 loeo
1559 2657 1601 2696 Q.

85 2712 361 2753 Quadrigarius.

174 2766 199 2807 ³)
226 2767 306 2801 Vid.
332 2768 445 2808 Roth,
483 2769 523 2800 de
549 2767 590 2802 L.
618 2768 765 2801 Cornelii
795 2770 959 2802 Sisennae
984 2770 1053 2801 uita
1085 2779 1117 2810 p.
1145 2769 1196 2799 13.
1226 2768 1277 2800 19.
1326 2767 1428 2806 Quae
1460 2767 1600 2800 Krause

85 2833 118 2865 p.
135 2824 200 2855 266
227 2823 270 2854 de
297 2828 470 2864 praetura
488 2823 671 2855 Siciliensi
689 2824 827 2856 Valerii
844 2825 1004 2856 Antiatis
1030 2824 1167 2861 adfert,
1194 2833 1238 2854 ea
1263 2822 1349 2853 ficta
1376 2826 1411 2854 et
1437 2834 1601 2856 conmen-

85 2878 170 2911 titia
198 2888 296 2917 esse,
323 2883 422 2911 recte
448 2879 519 2910 iam
545 2879 718 2911 Liebaldt
744 2879 788 2911 de
816 2880 896 2912 Val.
923 2881 1004 2911 Ant.
1031 2890 1064 2921 p.
1091 2881 1110 2911 3
1137 2878 1409 2911 animaduertit.
