1884 3213
231 201 271 235 L.
298 202 559 236 CALPVRNII
585 202 768 235 PISONIS
797 202 1025 237 CENSORII
1051 203 1195 235 FRVGI
1223 202 1445 236 ANNALES
1566 203 1644 243 129

125 312 227 363 τούς
259 313 483 368 παρόντας
516 330 565 355 zv
596 317 657 370 τῷ
690 326 775 356 o⁴v1
781 316 913 370 εδρίῳ
946 314 1267 364 πιστεύσαντας
1307 311 1452 369 ἀληθῆ
1484 315 1536 357 τά
1569 319 1644 357 λε-

124 381 292 435 γόμενα
325 377 437 422 εἶναι
468 397 653 436 γνωμην
685 381 1036 437 ἀποδειξαμένου
1057 385 1147 424 τῶν
1178 384 1496 437 πρεσβυτέρων
1526 385 1646 433 τινὸς

124 447 308 502 ἄκριτον
339 443 366 503 ἦ
397 447 484 503 μὴν
515 447 777 491 ἀποκτενεῖν
808 466 885 491 τον
916 448 1075 503 ἄνδρα,
1107 453 1375 505 παραχρῆμα
1406 454 1646 506 πεισθῆναι

124 532 196 558 και
236 514 353 557 οὕτω
392 514 472 557 τὸν
505 519 776 570 Σέρουιλιον
815 517 887 558 ε’πὶ
927 532 1058 558 τουτο
1097 518 1222 568 τάξαι
1259 516 1307 559 τὸ
1346 521 1502 573 ε”,ργον
1541 519 1646 560 νέον

93 581 232 625 ῦὸντα
263 584 337 625 καὶ
375 582 485 625 κατὰ
519 591 645 638 χεῖρα
675 591 898 638 γενναῖον.
946 587 1107 625 τοῦτον
1139 585 1190 626 δέ
1217 596 1328 639 φασι
1360 587 1555 640 λαβόντα
1596 586 1645 628 τὸ

124 651 321 705 ξιφίδιον
352 649 440 692 ὑπὸ
471 652 613 706 μάλης
652 652 808 693 ε’λθεῖν
839 649 950 705 πρὸς
988 650 1067 693 τὸν
1098 654 1298 694 ΝΙαίλιον
1338 654 1647 709 πορευόμενον

125 719 175 760 ἐκ
212 721 289 772 τῆς
327 717 508 773 ἀγοράς.
570 719 643 760 καὶ
684 719 967 773 προελθόντα
1007 720 1148 760 εἰπεῖν
1188 719 1253 761 ὄτι
1298 721 1509 774 βούλεται
1546 722 1647 776 περὶ

123 785 379 840 πράγματος
409 785 666 840 ἀπορρήτου
698 786 772 826 καὶ
802 786 1001 840 μεγάλου
1024 787 1321 842 διαλεχθῆναι
1351 788 1461 841 πρὸς
1492 789 1644 831 αὐτόν.

124 853 420 902 κελεύσαντος
451 853 499 894 δὲ
530 856 608 895 τοῦ
641 856 841 894 Μαιλίου
871 853 1034 908 μικρὸν
1063 853 1350 910 ἀποχωρῆσαι
1380 855 1484 905 τους
1515 855 1649 911 ε’γγύς

79 934 111 961 10
129 918 247 976 αὐτῷ
278 920 502 975 παρόντας
544 920 696 975 ἐπειδὴ
729 922 991 974 μονωθέντα
1032 925 1108 976 τῆς
1137 925 1343 978 φυλακῆς
1380 925 1532 978 ἔλαβε,
1565 940 1649 977 γυ·-

123 988 363 1042 μνῶσαντα
394 986 443 1030 τὸ
475 989 602 1042 ξίφος
631 988 772 1042 βάψαι
804 987 914 1030 κατὰ
944 991 1021 1043 τῆς
1045 993 1233 1044 σφαγῆς.
1295 998 1429 1032 τοῦτο
1454 991 1502 1033 δὲ
1533 992 1648 1046 πρά-
1679 1024 1687 1031 .

125 1058 258 1106 ξαντα
290 1056 440 1111 δρόμῳ
471 1062 633 1110 χωρεῖν
665 1057 726 1105 εἰς
756 1054 804 1097 τὸ
835 1057 1163 1111 βουλευτήριον
1194 1059 1257 1099 ἔτι
1289 1061 1649 1114 συγκαθημένων

124 1126 215 1165 τῶν
246 1123 480 1177 συνέδρων
512 1124 669 1177 ἔχοντα
700 1121 748 1164 τὸ
790 1125 916 1177 ξίφος
943 1122 1226 1179 ᾑμαγμένον,
1260 1127 1510 1180 κεκραγότα
1539 1125 1650 1181 πρὸς

125 1189 229 1240 τούς
267 1190 532 1244 διώκοντας,
581 1189 645 1231 ὅτι
683 1192 944 1241 κελευσθεὶς
987 1189 1075 1233 ὑπὸ
1122 1195 1198 1246 τῆς
1244 1195 1411 1248 βουλῆς
1452 1192 1650 1249 ἀνῄρηκε

81 1272 111 1297 15
129 1256 207 1299 τὸν
231 1258 472 1312 τύραννον.
526 1257 808 1308 ἀκούσαντας
833 1259 881 1301 δὲ
902 1257 951 1300 τὸ
977 1262 1053 1313 τῆς
1076 1261 1245 1314 βουλῆς
1266 1258 1407 1315 ὄνομα
1429 1259 1534 1311 τούς
1560 1260 1649 1316 ὠρ-

125 1326 316 1381 μηκότας
346 1328 495 1367 παίειν
516 1341 562 1366 τε
585 1325 658 1367 καὶ
678 1326 862 1379 βάλλειν
894 1324 1032 1368 αὐτὸν
1054 1325 1393 1382 ἀποτραπέσθαι
1416 1329 1489 1370 καὶ
1510 1330 1650 1384 μηδὲν

127 1394 189 1443 εἰς
219 1391 358 1435 αὐτὸν
388 1396 717 1448 παρανομῆσαι.
768 1392 836 1435 Ἐκ
868 1394 1031 1436 τούτου
1061 1395 1135 1436 καὶ
1165 1393 1246 1450 τὴν
1278 1396 1539 1451 ἐπωνυμίαν
1570 1396 1651 1450 τὴν

115 1459 257 1502 ’Ἁλαν
288 1458 408 1516 αὐτῷ
439 1464 627 1515 τεθῆναι
659 1461 879 1516 λέγουσιν,
912 1459 978 1503 ὅτι
1010 1460 1059 1503 τὸ
1090 1463 1217 1517 ξίφος
1247 1464 1360 1516 ἔχων
1390 1461 1478 1504 ὑπὸ
1510 1464 1651 1518 μάλης

125 1522 269 1582 ἦλθεν
315 1528 384 1570 ε’πὶ
431 1529 537 1578 τους
582 1527 762 1583 ἄνδρας.
824 1528 933 1578 ἅλας
977 1529 1063 1583 γὰρ
1109 1533 1296 1571 καλοῦσι
1331 1529 1532 1586 Ῥωμαῖοι
1576 1529 1651 1579 τὰς

80 1611 113 1634 20
130 1595 285 1648 μάλας.

127 1735 216 1772 coll.
239 1734 286 1772 II
308 1746 354 1782 J).
376 1731 461 1772 470
482 1735 578 1772 IIII
602 1747 644 1783 p.
672 1732 750 1773 182
773 1737 822 1774 K.
852 1730 1030 1784 Ἑορτάς
1055 1725 1167 1786 ἦγον
1189 1731 1448 1787 οῖῬωμαῖοι
1470 1731 1545 1782 τάς
1566 1749 1649 1774 κα-

129 1798 348 1852 λουμένας
369 1801 421 1852 τῇ
445 1799 667 1855 ἐπιχωρίῳ
687 1799 859 1855 γλώττῃ
883 1798 1128 1854 στρωμνάς,
1152 1797 1238 1841 ὑπὸ
1261 1802 1350 1841 τῶν
1368 1802 1650 1854 Σιβυλλείων

130 1865 449 1914 κελευσθέντες
486 1868 710 1920 χρησμῶν.
780 1868 914 1916 νόσος
950 1868 1036 1921 γάρ
1074 1884 1138 1916 τις
1176 1867 1398 1921 λοιμώδης
1436 1869 1650 1922 γενομένη

84 1948 116 1973 25
132 1933 412 1986 θεόπεμπτός
448 1949 494 1974 τε
526 1933 598 1974 καὶ
629 1931 717 1975 ὑπὸ
756 1934 910 1988 τέχνης
947 1933 1239 1989 ἀνθρωπίνης
1277 1933 1454 1984 ἀνίατος
1487 1936 1547 1984 εἰς
1577 1936 1653 1989 ζη-

129 2011 258 2054 τησιν
289 1997 453 2049 αὐτοὺς
482 1998 618 2054 ἤγαγε
649 2003 739 2042 τῶν
770 2004 994 2057 χρησμῶν.
1050 2001 1306 2056 ἐκόσμησάν
1344 2018 1389 2044 τε
1422 2002 1653 2057 στρωμνὰς

130 2074 262 2121 τρεῖς,
295 2065 353 2115 ὥς
384 2068 594 2109 ἐκέλευον
625 2069 671 2109 οἱ
697 2071 898 2123 χρησμοί,
931 2072 1038 2124 μιάν
1068 2070 1150 2124 μὲν
1178 2069 1421 2111 Ἀπόλλωνι
1452 2069 1525 2111 καὶ
1557 2072 1651 2123 Λη-

131 2141 220 2187 τοῖ,
253 2132 406 2188 ἑτέραν
438 2135 485 2176 δὲ
512 2133 726 2189 Ἡρακλεῖ
753 2136 827 2177 καὶ
853 2134 1097 2191 Ἀρτέμιδι,
1136 2139 1291 2191 τρίτην
1331 2138 1379 2178 δὲ
1403 2135 1539 2190 Ἐρμῇ
1579 2139 1651 2177 καὶ

222 2301 286 2337 25.
326 2305 377 2345 Cf.
407 2306 480 2336 Liu.
511 2306 545 2337 V
568 2306 626 2337 13:
664 2306 824 2347 Insignis
863 2316 979 2337 annus
1016 2307 1132 2338 hieme
1170 2306 1293 2348 gelida
1331 2317 1373 2337 ac
1404 2307 1532 2338 niuosa
1570 2307 1649 2345 fuit,

134 2350 225 2382 adeo
250 2354 290 2382 ut
315 2351 396 2380 uiae
424 2350 589 2389 clausae,
615 2351 758 2383 Tiberis
782 2352 1049 2393 innauigabilis
1075 2352 1193 2386 fuerit,
1227 2362 1372 2383 annona
1391 2363 1433 2383 ex
1459 2356 1543 2383 ante
1569 2362 1651 2383 con-

134 2399 242 2427 uecta
269 2396 372 2436 eopia
398 2394 488 2425 nihil
514 2396 681 2430 mutauit,
719 2398 756 2427 et
782 2397 866 2437 qnia
891 2398 931 2427 P.
956 2396 1133 2435 Licinius,
1161 2400 1200 2427 nt
1226 2400 1376 2438 ceperat
1400 2396 1498 2427 hand
1523 2396 1652 2427 tumul-

134 2444 237 2472 tuose
264 2440 518 2481 magistratum
543 2440 678 2472 maiore
704 2441 837 2481 gaudio
864 2441 982 2482 plebis
1007 2451 1115 2482 quam
1139 2442 1391 2481 indignatione
1420 2444 1573 2482 patrum,
1600 2442 1651 2473 ita

136 2485 246 2517 etiam
270 2485 395 2526 gessit,
423 2484 576 2516 dulcedo
602 2485 738 2516 inuasit
763 2486 938 2527 proximis
965 2487 1119 2518 comitiis
1146 2487 1370 2518 tribunorum
1397 2486 1551 2517 militum
1576 2486 1651 2527 ple*

134 2531 235 2562 beios
269 2529 428 2561 creandi.
476 2539 569 2561 unus
593 2530 639 2564 Μ,
668 2531 840 2562 Veturius
868 2541 910 2562 ex
943 2531 1109 2572 patriciis
1135 2531 1341 2562 candidatis
1372 2530 1489 2561 locum
1517 2531 1650 2567 tenuit;

135 2575 298 2616 plebeios
323 2574 415 2606 alios
441 2575 606 2607 tribunos
624 2575 779 2606 militum
807 2576 990 2607 consulari
1016 2580 1195 2617 potestate
1215 2586 1338 2607 omnes
1363 2575 1439 2606 fere
1466 2576 1652 2606 centuriae.

136 2620 271 2655 dixere,
297 2619 345 2650 M.
372 2619 608 2660 Pomponium
635 2619 701 2652 Cn.
719 2620 882 2652 Duilium
907 2620 1122 2653 Voleronem
1148 2620 1344 2652 Publilium
1370 2620 1434 2651 Cn.
1454 2620 1654 2652 Genucium

135 2665 177 2695 L.
203 2665 364 2695 Atilium.

227 2709 384 2740 Tristem
417 2709 589 2748 hiemem,
633 2710 711 2740 siue
753 2720 796 2741 ex
834 2710 1047 2752 intemperie
1087 2710 1180 2741 caeli
1211 2710 1342 2751 raptim
1383 2710 1582 2741 mutatione
1615 2710 1652 2740 in

139 2753 359 2786 contrarium
385 2754 509 2794 faeta,
536 2755 613 2785 siue
640 2754 713 2785 alia
739 2765 809 2795 qua
836 2755 879 2786 de
906 2766 1034 2795 eausa,
1062 2756 1186 2796 grauis
1211 2754 1460 2795 pestilensque
1488 2754 1653 2785 omnibus

140 2798 358 2830 animalibus
383 2802 506 2830 aestas
532 2800 677 2840 excepit
740 2800 842 2830 euius
867 2800 1065 2831 insanabili
1093 2800 1252 2840 pernicie
1277 2798 1421 2840 quando
1448 2810 1516 2830 nee
1543 2809 1653 2830 eausa

140 2854 206 2875 nec
236 2843 315 2874 finis
346 2843 618 2882 inueniebatur‚
650 2843 732 2874 libri
772 2844 941 2885 Sibyllini
972 2856 1014 2875 ex
1048 2848 1196 2875 senatus
1229 2843 1392 2875 consulto
1430 2844 1523 2875 aditi
1560 2849 1653 2875 sunt.

141 2888 321 2920 duumuiri
351 2889 463 2920 sacris
495 2888 693 2928 faciundis,
734 2889 957 2920 lectisternio
995 2893 1080 2920 tune
1118 2890 1266 2930 primuni
1306 2890 1340 2919 in
1372 2890 1457 2920 urbe
1493 2889 1654 2920 Romana

207 2949 321 2979 Parma,
341 2948 423 2973 Hist.
443 2948 528 2973 Rom.
549 2948 615 2974 rell.
653 2949 677 2974 I.
1277 2945 1379 2976 VIIII

1674 1614 1738 1644 3952

241 1662 298 1704 25
313 1663 352 1705 *.
385 1667 504 1705 Dion.
523 1668 615 1705 XII
643 1665 782 1706 9—10
813 1671 857 1706 in
884 1680 972 1707 exc.
1006 1669 1055 1706 ab
1088 1670 1189 1716 Any.
1216 1670 1330 1707 Maio
1360 1670 1454 1707 edit.
1487 1671 1524 1707 in
1556 1680 1647 1707 nou.
1675 1660 1696 1700 3Ῑὶ

1698 1673 1739 1700 οἱ)
