1884 3213
124 538 165 567 90

111 582 177 623 ff}

206 174 287 215 278
815 170 1118 210 RELLIQVIAE

207 290 402 332 Africam,
450 286 627 325 Siciliam
667 290 704 324 et
735 285 958 324 Sardiniam
1001 290 1037 323 et
1069 283 1221 323 Italiam
1261 288 1372 327 sunt,
1412 296 1511 334 quae
1551 295 1642 322 saxa
1681 283 1731 322 ob

207 356 257 394 ol)
300 356 374 394 hoe
406 354 494 393 Itali
527 366 614 393 aras
646 359 801 397 uocant,
845 352 949 404 quod
978 351 1033 391 ibi
1065 352 1149 390 Asri
1181 356 1218 390 et
1249 351 1415 390 Romani
1456 351 1594 390 foedus
1633 353 1732 390 inie-

208 430 301 462 runt
348 429 385 461 et
425 424 522 460 lines
565 423 723 472 imperii
764 422 826 459 sui
864 420 947 459 illie
987 432 1073 458 esse
1117 419 1343 457 uoluerunt.
1376 431 1560 470 —quae
1593 431 1682 457 arae
1714 431 1733 457 a

203 493 370 530 Sisenna
403 491 599 541 propitiae
632 495 841 527 novantur.

316 556 394 597 5²³³.
443 558 569 596 Cicer.
610 558 658 595 cle
697 558 821 595 divin.
851 556 877 594 J
905 553 978 599 44,
1020 552 1074 593 99
1115 555 1310 593 Caeciliae
1349 556 1393 601 Q.
1434 554 1536 594 [iliae
1575 556 1763 595 somniof,

204 627 319 665 modo
351 626 520 665 Marsico
555 625 659 663 bello
690 624 883 675 templum
916 629 974 661 est
1008 637 1028 661 a
1061 628 1199 661 senatu
1231 622 1374 661 Iunoni
1406 623 1586 673 Sospitae
1617 624 1734 661 resti-

204 701 347 733 tutum.
410 694 521 740 Quod
561 693 720 744 quidem
754 693 951 730 somnium
985 691 1154 729 Sisenna
1187 703 1275 729 cum
1308 691 1594 742 disputauisset
1623 692 1736 730 miri-

204 765 276 801 lice
323 762 370 801 ad
412 761 580 800 uerbum
620 772 710 798 eum
750 772 792 799 re
833 760 1089 803 conuenisse,
1138 764 1221 797 tum
1254 758 1493 803 insolenter,
1535 757 1656 797 eredo
1688 758 1736 797 ab

204 831 405 881 Epicureo
446 830 578 881 aliquo
619 829 806 867 inductus
846 828 1043 878 disputat,
1084 828 1250 865 somniis
1282 827 1393 865 credi
1426 839 1503 865 non
1536 832 1735 878 oportere.

205 898 310 937 idem
342 903 480 936 contra
514 902 666 936 ostenta
698 896 796 935 nihil
829 895 1004 946 disputat
1026 895 1282 945 exponitque,
1316 895 1431 933 initio
1462 894 1557 933 belli
1579 894 1738 934 Marsici
1760 911 1791 935 10

207 972 243 1004 et
283 966 448 1004 deorum
490 965 703 1004 simulacra
743 963 949 1002 sudauisse
991 968 1028 1001 et
1060 963 1295 1012 sanguinein
1328 962 1488 1001 fluxisse
1521 967 1559 1001 et
1590 962 1737 1001 disces-

207 1035 305 1072 sisse
339 1034 493 1072 caelum
526 1039 563 1071 et
596 1045 641 1071 ex
675 1032 830 1071 occulto
863 1031 1018 1070 auditas
1041 1043 1126 1068 esse
1149 1042 1282 1074 uoces5
1316 1042 1417 1081 quae
1440 1031 1617 1080 pericula
1642 1030 1738 1070 belli

207 1104 458 1142 nuntiarent,
504 1106 541 1139 et
572 1100 744 1139 Lanuuii
784 1100 953 1150 clipeos,
994 1098 1098 1150 quod
1140 1097 1422 1148 haruspicibus
1464 1099 1739 1137 tristissimum

208 1171 339 1208 uisum
374 1175 490 1213 esset,
525 1182 543 1207 a
577 1168 760 1206 muribus
792 1180 877 1206 esse
909 1167 1085 1206 derosos.

322 1234 364 1275 6.
413 1237 514 1276 Non.
562 1249 592 1275 s.
642 1249 679 1274 u.
721 1237 905 1284 protinus
941 1247 981 1284 p.
1022 1231 1104 1273 376
1151 1233 1319 1272 Sisenna
1359 1234 1552 1272 historiae
1592 1233 1660 1272 lib.
1702 1234 1792 1274 1:15

209 1304 330 1343 Nocte
372 1309 603 1355 consumpta
644 1308 804 1355 postero
838 1303 901 1341 die
934 1315 1004 1354 per
1036 1304 1210 1341 incertas
1242 1303 1327 1340 uias
1358 1301 1607 1346 Aeserniam,
1649 1301 1740 1341 inde

209 1374 370 1412 Romam
403 1367 587 1424 protinus
619 1373 891 1423 profugerant.

305 1529 344 1563 5.
372 1531 503 1562 Eadem
530 1535 663 1562 ostenta
682 1529 726 1560 Il
744 1530 798 1569 27,
817 1531 860 1562 58
876 1530 1021 1570 repetit:
1048 1528 1234 1570 Sanguine
1262 1527 1399 1569 pluisse
1426 1528 1573 1559 senatui
1598 1528 1742 1560 nuntia-

213 1580 287 1607 tum
314 1579 388 1618 est,
422 1576 589 1607 Atratum
615 1575 724 1606 etiam
750 1574 899 1606 fluuium
926 1573 1073 1605 fluxisse
1100 1573 1298 1615 sanguine,
1337 1573 1486 1605 deorum
1517 1572 1665 1606 sudasse
1699 1574 1744 1605 si-

212 1621 385 1653 mulacra.
437 1620 497 1661 (ef.
522 1622 582 1657 25,
610 1621 672 1653 54:
723 1619 838 1652 Multa
870 1630 926 1650 me
960 1618 1108 1651 consule
1142 1629 1163 1650 a
1195 1628 1249 1650 me
1282 1619 1361 1660 ipso
1394 1618 1532 1660 scripta
1562 1618 1743 1657 recitasti,

212 1666 327 1698 multa
366 1669 451 1698 ante
488 1665 688 1697 Marsicum
734 1664 871 1696 bellum
908 1675 928 1696 a
966 1664 1124 1696 Sisenna
1169 1663 1330 1695 collecta
1371 1661 1561 1704 attulisti.)
1627 1663 1745 1695 Mures

215 1711 356 1744 adrosis
396 1711 541 1743 Lanuui
580 1710 712 1752 clipeis
750 1711 937 1751 argenteis
974 1709 1166 1740 Marsicum
1204 1708 1432 1750 portendisse
1469 1708 1606 1740 bellum
1645 1710 1745 1741 etiam

214 1757 302 1789 Plin.
332 1768 362 1788 n.
388 1757 418 1789 h.
453 1756 552 1787 VII]
577 1757 638 1787 221
667 1756 822 1787 tradidit.
875 1754 969 1796 (Alia
992 1755 1153 1796 prodigia
1179 1756 1321 1796 exponit
1347 1753 1443 1786 Oros.
1474 1755 1506 1785 V
1530 1752 1596 1796 18.)

309 1821 349 1856 6.
378 1822 416 1854 Si
442 1823 482 1853 (le
509 1834 643 1854 numero
670 1823 826 1854 dubitare
853 1824 946 1860 lieet,
978 1822 1094 1862 refero
1120 1823 1167 1853 ad
1187 1823 1364 1863 proelium,
1391 1832 1454 1863 quo
1481 1823 1574 1853 initio
1599 1821 1677 1853 belli
1700 1822 1744 1855 L.

215 1869 323 1900 lulius
354 1869 484 1900 Caesar
517 1868 611 1919 apud
643 1869 857 1900 Aeserniam
895 1868 1015 1899 uictus
1048 1867 1193 1908 aufugit
1227 1865 1339 1907 (Oros
1380 1867 1412 1897 V
1437 1867 1504 1918 18).
1552 1867 1620 1898 uid.
1647 1866 1739 1917 App.

216 1915 276 1945 hel,
297 1915 359 1946 ciza.
388 1914 407 1944 l
433 1914 491 1943 41:
521 1907 704 1950 Οὐέττιος
729 1924 797 1954 μεν
824 1907 959 1944 Κάτων
985 1911 1026 1954 [i
1052 1923 1080 1943 e.
1099 1910 1224 1953 Scato]
1251 1908 1408 1966 Σέξτον
1419 1905 1577 1944 Ἰούλιον
1601 1906 1742 1952 τρεψά-

217 1953 329 2000 μενός
356 1969 394 1990 τε
419 1955 483 1989 καὶ
511 1956 722 1999 δισχιλίους
746 1957 900 1995 κτείνας
928 1951 989 1989 ἐπὶ
1014 1954 1218 1997 Αἰσερνιαν
1245 1951 1360 1999 ἤλασε
1386 1952 1663 1998 ῥ’ωμαῖ ζουσαν
1711 1968 1742 1987 (ι.

218 2006 270 2036 90.
296 2004 373 2037 664.
412 2004 456 2043 cf.
485 2003 606 2042 istene,
633 2004 665 2034 (Ι.
694 2004 775 2034 rom.
804 2002 1208 2042 Bmzclesqenossenlcyieq
1237 2013 1270 2043 p.
1301 2003 1375 2035 194
1426 2002 1523 2033 Riese
1546 2001 1743 2043 7255130-

218 2061 331 2079 nmzms
357 2049 517 2090 intelleglit
543 2050 598 2090 qui
623 2059 668 2079 ea:
694 2048 823 2088 Apulia
847 2048 917 2079 siue
944 2058 989 2078 eo:
1015 2047 1149 2079 Samnio
1174 2048 1348 2085 interiore,
1375 2051 1553 2089 antequam
1577 2048 1744 2078 Aesernia

219 2095 260 2125 ab
286 2094 434 2126 hostibus
460 2093 683 2132 obsideretur,
711 2097 856 2124 eaeemzte
881 2104 913 2123 a.
941 2093 995 2125 91.
1021 2093 1085 2124 663
1108 2092 1272 2133 fugerint.

333 2238 378 2291 4,
415 2243 448 2277 1.
481 2243 635 2278 Siciliam
666 2244 769 2279 deest
801 2245 838 2278 in
872 2242 993 2277 Bern.
1130 2248 1165 2277 et
1197 2241 1328 2277 ltaliam
1360 2243 1465 2278 deest
1497 2244 1531 2277 in
1567 2241 1687 2279 Bern.

221 2300 257 2334 l.
293 2299 467 2346 propitiae
502 2295 696 2348 uocantur]
730 2299 843 2334 (lictae
875 2303 959 2333 sunt
990 2298 1165 2345 propitiae
1200 2298 1315 2333 Bern.

207 2355 223 2367 ·
335 2373 387 2425 5,
420 2378 456 2413 5.
492 2390 524 2425 ‹1-
560 2378 584 2414 l'.
632 2379 731 2414 Voss.
756 2380 787 2414 Α
810 2378 844 2412 Β
875 2388 944 2424 que
976 2377 1078 2412 Leicl.
1102 2377 1143 2412 H
1184 2377 1288 2413 Vz'ml.
1435 2377 1471 2415 6,
1504 2376 1647 2411 iunonis
1679 2376 1744 2411 lio-

222 2435 314 2482 spite
359 2435 460 2470 Voss.
490 2435 520 2468 1)·
555 2435 653 2470 Leicl.
678 2434 720 2469 Η
861 2434 896 2469 6.
933 2434 968 2468 7.
1008 2433 1173 2468 restitum
1218 2434 1320 2469 Voss.
1354 2434 1387 2468 B
1531 2433 1566 2469 8.
1606 2433 1748 2467 uenisse

235 2491 338 2526 Voss.
362 2493 392 2525 A
422 2503 482 2536 pr.
507 2504 552 2525 m.
673 2496 746 2525 tuin
777 2491 867 2526 libri
924 2494 1039 2524 tamen
1076 2489 1233 2525 Vrsinus
1349 2490 1385 2525 9.
1415 2490 1560 2536 epicuro
1595 2489 1749 2524 Voss.B

313 2548 373 2583 10.
407 2546 572 2593 idemque
594 2548 697 2583 Leid.
722 2548 759 2582 H
877 2545 957 2581 belli
981 2546 1117 2581 marsici
1141 2546 1240 2581 initio
1264 2546 1365 2581 Leid.
1389 2546 1428 2581 H
1536 2544 1598 2579 12.
1625 2544 1747 2580 oculto

236 2605 339 2638 sess.
364 2603 394 2637 Α
423 2615 485 2648 pr.
519 2616 566 2638 m.
706 2604 767 2638 13.
802 2603 933 2637 lanuini
977 2602 1128 2637 Vimlob.
1191 2602 1299 2637 lanuii
1342 2603 1444 2638 Voss.
1478 2601 1512 2635 B
1545 2601 1629 2644 (sed
1656 2600 1678 2635 ii
1709 2603 1746 2636 in

226 2668 322 2701 ras.)
442 2660 593 2706 elipeum
629 2661 727 2695 λεία.
752 2661 790 2696 H
907 2658 1019 2692 tristis
1043 2669 1189 2705 sumum
1234 2660 1337 2694 Voss.
1361 2659 1392 2693 Α

339 2734 382 2786 6,
418 2740 480 2773 15.
515 2739 595 2776 hisi.
634 2738 680 2774 W
817 2738 878 2774 16.
912 2734 1048 2772 656ιήἰῖι
1078 2738 1107 2772 L
1167 2737 1341 2773 eserniam
1382 2737 1431 2772 W
1543 2735 1635 2771 unde
1677 2731 1743 2770 W¹

287 2795 347 2829 17.
380 2800 553 2842 protenus
587 2795 615 2829 L
627 2790 633 2812 ¹
