1884 3213
841 155 852 171 Α

855 196 1155 237 RELLIQVIAF,

231 198 257 238 σι

260 197 285 237 Ν)

345 308 387 350 3.
428 310 622 359 limem-pt.
654 311 806 348 rhetor.
837 310 968 348 Paris.
997 321 1038 359 p.
1071 306 1153 347 588
1191 310 1326 348 Halm.
1368 309 1666 361 principiorum
1712 309 1759 347 ad
1883 325 1884 371 t

233 379 439 416 historiam
470 379 759 429 pertinentium
781 379 936 428 speeies
967 383 1059 416 sunt
1080 382 1180 415 tres:
1215 376 1262 415 (le
1285 376 1464 421 historia,
1497 377 1544 416 de
1574 389 1756 428 persona,

232 447 277 484 ‹h·
311 447 490 485 materia.
554 450 621 484 ‘aut
661 447 766 484 enim
806 445 997 484 historiae
1037 445 1187 484 boumn
1226 445 1468 495 generaliter
1507 444 1760 483 commenda-

231 527 336 558 mus,
378 520 422 552 ut
453 514 567 558 Cato,
608 519 675 552 aut
714 525 786 564 pro
827 525 996 564 persona
1035 512 1253 551 scribentis
1292 515 1489 552 rationem
1529 515 1615 552 eius
1654 513 1757 563 quod

230 582 303 620 hoc
327 582 505 620 osticium
526 581 793 633 adsumpserit
824 581 1041 625 reddimus,
1075 586 1118 619 ut
1140 580 1353 619 Sallustius
1380 603 1434 608 —
1464 586 1531 619 aut
1562 593 1648 619 eam
1671 592 1755 618 rom
1773 598 1790 625 5

229 662 347 699 quam
377 649 545 687 relaturi
578 662 714 688 sumus
744 649 904 700 dignam
936 662 1036 700 quae
1068 654 1103 686 et
1137 648 1338 688 scribatur
1370 654 1407 687 et
1440 648 1594 699 legatur
1626 653 1756 686 osten-

232 717 376 762 dimus,
411 723 453 756 ut
483 717 623 756 Liuius
655 717 704 756 ab
736 717 838 756 urbe
871 717 1043 755 condita.

340 782 421 824 4Ψ.
453 785 572 825 Seru.
596 786 653 823 acl
676 787 795 833 Vero.
819 786 917 823 Aen.
940 785 967 822 I
992 782 1018 823 5
1049 785 1208 823 Troiam
1241 789 1373 823 autem
1407 784 1500 828 (liei,
1533 796 1651 834 quam
1674 785 1756 835 pri-

228 865 335 891 mum
367 854 458 891 serit
492 854 664 897 Aeneas,
698 859 737 891 et
768 853 907 892 Liuius
939 854 978 890 in
1012 854 1141 903 primo
1174 858 1211 891 et,
1244 853 1338 891 Cato
1370 854 1409 891 in
1442 851 1668 901 originibus
1700 856 1756 889 te-

227 926 395 959 stantur.
1273 943 1276 947 ¹
1772 940 1803 964 10

341 986 422 1028 5³5².
454 989 570 1028 Seru.
605 989 662 1027 ad
690 989 789 1027 Aen.
822 989 847 1027 I
875 986 901 1027 (5
932 976 1026 1026 Cato
1058 989 1098 1025 in
1131 987 1361 1038 originibus
1393 988 1467 1026 hoe
1499 987 1609 1031 (licii,
1643 988 1757 1025 cuius

226 1058 505 1095 auctoritatem
528 1056 740 1095 Sallustius
771 1058 955 1107 sequitur
987 1058 1027 1094 in
1060 1055 1167 1094 bello
1191 1055 1401 1094 Catilinae:
1436 1056 1572 1093 Primo
1602 1055 1755 1093 Italiam

227 1126 402 1163 tenuisse
449 1124 663 1175 quosdam,
716 1126 785 1174 qui
830 1124 1134 1175 appellabantur
1180 1122 1433 1173 Aborigines.
1503 1123 1575 1161 hos
1620 1128 1755 1174 postea

225 1192 399 1231 aduentu
431 1194 586 1231 Aeneae
620 1191 845 1242 Phrygibus
886 1193 1045 1231 iunctos
1076 1192 1238 1230 Latinos
1277 1203 1357 1229 uno
1397 1191 1559 1229 nomine
1600 1203 1754 1229 nuncu-

226 1266 350 1310 patos.
1768 1278 1800 1303 15

337 1326 418 1367 6Ψ.
451 1329 567 1367 Dion.
600 1329 626 1367 I
655 1327 705 1366 11
748 1325 807 1366 Οἱ
834 1325 883 1367 δὲ
922 1325 1185 1378 λογιώτατοι
1223 1326 1314 1366 τῶν
1347 1322 1603 1378 Ῥωμαϊκῶν
1643 1334 1750 1377 συγ-

222 1393 450 1448 γραφέων,
485 1392 535 1434 ἐν
566 1386 632 1442 οἷς
664 1393 760 1435 ἐστι
790 1391 991 1447 Πόρκιός
1020 1408 1067 1434 τε
1098 1391 1275 1446 Κάτων,
1308 1389 1331 1434 ὁ
1362 1389 1439 1441 τὰς
1468 1392 1755 1445 γενεαλογίας

223 1463 314 1502 τῶν
347 1461 398 1503 ἐν
430 1458 592 1517 Ἰταλία
630 1460 807 1503 πόλεων
847 1460 1165 1515 ἐπιμελέστατα
1198 1457 1492 1514 συναγαγών,
1526 1459 1599 1500 καὶ
1620 1458 1754 1508 Γάϊος

224 1527 518 1583 Σεμπρώνιος
555 1528 629 1569 καὶ
661 1526 788 1570 ἄλλοι
826 1529 997 1583 συχνοὶ,
1026 1526 1244 1583 ’Έλληνας
1274 1525 1440 1576 αὐτούς
1477 1527 1750 1580 [Aboriqz‘nes]

313 1699 352 1733 4.
386 1700 483 1732 Seru.
510 1701 557 1732 ad
580 1701 668 1732 Aen.
702 1700 778 1732 VII
806 1702 885 1733 158:
920 1699 1117 1732 Sciendum
1144 1700 1350 1740 ciuitatem,
1386 1709 1492 1740 quam
1520 1699 1633 1740 primo
1661 1698 1752 1730 fecit.

225 1746 370 1778 Aeneas
397 1745 556 1783 [Aeneas
581 1747 674 1778 deest
700 1747 733 1777 in
758 1746 893 1787 lfeyz'u„
920 1748 953 1777 in
980 1747 1076 1787 Lips.
1092 1756 1122 1780 s.
1140 1756 1181 1779 m.
1199 1755 1226 1777 S.
1245 1746 1302 1776 lin.
1327 1747 1422 1785 ser.]‚
1448 1744 1592 1776 Troiam
1619 1743 1751 1775 dictam

224 1791 423 1823 secundum
461 1790 674 1823 Catonem
713 1794 750 1822 et
787 1792 943 1825 Liuium.
974 1808 1016 1813 —
1053 1792 1097 1831 ef.
1128 1790 1252 1822 VIIII
1282 1790 1336 1822 48.
1375 1791 1501 1821 Paulus
1530 1800 1565 1831 p.
1591 1790 1656 1821 367
1682 1789 1750 1821 Μ.
1743 1800 1750 1807 ·

222 1836 331 1868 Troia
363 1853 404 1857 —-
442 1836 541 1868 locus
578 1837 615 1867 in
654 1846 741 1878 agro
779 1836 980 1876 Lam-‚ente
1019 1847 1089 1878 quo
1127 1836 1279 1877 primum
1316 1835 1448 1867 Italiae
1487 1834 1632 1866 Aeneas
1669 1844 1750 1866 cum

223 1881 298 1913 suis
325 1882 501 1914 constitit.
548 1882 626 1914 Liu.
648 1881 670 1911 I
692 1882 729 1913 4:
757 1883 802 1914 ab
830 1881 956 1913 Sicilia.
983 1880 1101 1913 classe
1121 1880 1167 1913 ad
1183 1881 1405 1912 Lamentem
1425 1890 1551 1934 agrum
1577 1880 1752 1913 tenuisse.

221 1926 330 1958 Troia
356 1930 392 1959 et
417 1926 500 1958 huic
525 1926 604 1959 loco
622 1936 753 1958 nomen
778 1930 842 1960 est.
884 1927 983 1958 Dion.
1006 1926 1027 1957 I
1050 1928 1109 1958 53.
1138 1924 1398 1963 Τελευτῶντες
1423 1922 1466 1958 δὲ
1486 1919 1750 1979 αφικνοῦνται

222 1969 289 2013 τῆς
310 1965 475 2009 Ἰταλίας
503 1968 557 2009 εἰς
564 1966 783 2025 Λωρεντὸν,
811 1968 911 2003 ἔνθα
929 1968 996 2013 τῆς
1018 1965 1166 2022 πλανης
1181 1965 1421 2025 παυσάμενοι
1446 1980 1594 2012 χαρακα
1613 1966 1750 2002 ἔθεντο
1787 1970 1792 1972 ’

222 2016 286 2050 καὶ
312 2012 353 2049 τὸ
380 2016 530 2070 χωρίον,
556 2011 597 2049 ἐν
623 2012 650 2057 ᾧ
666 2011 1149 2072 κατεστρατοπεδεύσαντο
1174 2010 1213 2056 εξ,
1239 2010 1390 2048 ἐκείνου
1414 2014 1535 2057 Τροία
1557 2015 1748 2056 καλεῖται,

221 2056 357 2104 απέχει
389 2058 432 2095 δὲ
464 2061 530 2104 τῆς
567 2057 765 2104 θαλαττης
796 2056 897 2103 αμφὶ
936 2057 1023 2100 τοὺς
1059 2057 1242 2103 τέτταρας
1280 2059 1474 2098 σταδίους.
1534 2061 1671 2102 Appian
1697 2060 1747 2100 fr.

219 2107 740 2210 p.1250Bil{’nIIust.Cuc.6.efi
760 2152 845 2185 Iust
865 2153 978 2192 43,1,
1035 2151 1200 2183 ·Italiae
1228 2151 1386 2183 cultores
1412 2162 1516 2193 pium
1533 2150 1749 2205 Aborigines

222 2197 333 2232 fuere.
387 2198 496 2232 Tzet:
524 2197 702 2239 Lrslcophr.
730 2199 769 2229 12
774 2199 832 2230 53:
861 2193 899 2228 οἵ
917 2154 1054 2230 Ἰταλοὶ
1079 2195 1227 2238 πρῶτον
1255 2189 1500 2238 Ἀβορείγινες
1526 2190 1745 2228 ἐκαλοῦντο.

222 2260 265 2265 -
290 2243 367 2275 Liu.
397 2243 415 2274 l
442 2245 472 2283 2,
498 2244 535 2274 4.
562 2243 703 2275 Aeneas
730 2242 906 2275 aduersus
933 2243 1025 2273 tanti
1045 2241 1271 2282 (Rutulorum)
1298 2241 1383 2273 belli
1409 2245 1584 2273 terrorem
1610 2244 1649 2272 ut
1674 2241 1749 2272 ani-

222 2298 297 2320 mos
323 2289 560 2329 Aboriginum
587 2289 655 2320 sibi
683 2287 912 2327 conciliaret,
946 2297 1014 2319 nec
1041 2288 1106 2319 sub
1140 2286 1265 2319 eodem
1297 2288 1374 2319 iure
1400 2287 1515 2319 solum
1546 2285 1611 2318 sed
1637 2286 1748 2317 etiam

222 2334 365 2365 nominc
397 2343 521 2365 omnes
545 2337 686 2374 essent,
719 2334 873 2365 Εἰῖίιιοε
903 2335 1091 2374 utramque
1123 2336 1271 2374 gentem
1303 2331 1515 2374 appellauit.
1563 2331 1687 2363 Strabo
1717 2331 1751 2363 V

221 2379 399 2420 321.‘229.
426 2379 525 2410 Dion.
551 2379 573 2410 I
597 2379 651 2413 45.

313 2422 352 2456 6.
380 2423 532 2455 Eundem
556 2426 754 2455 sententium
779 2424 904 2473 7epelit
930 2423 1028 2454 Dion.
1055 2422 1074 2452 I
1102 2424 1158 2454 13:
1185 2418 1242 2459 οἷς
1268 2416 1339 2473 ἐγὼ
1363 2415 1609 2476 πειθόμενος,
1637 2417 1673 2453 εἰ
1697 2419 1745 2464 τῷ

220 2463 301 2501 ὄντι
320 2463 545 2510 Ελληνικὸν
571 2467 695 2521 φῦλον
713 2459 760 2510 ἧν
778 2463 818 2500 τὸ
837 2467 911 2500 τῶν
934 2463 1180 2510 Ἀβοριγινων,
1204 2462 1253 2504 ὠς
1273 2462 1456 2499 Κάτωνι
1481 2478 1546 2499 και
1565 2467 1747 2508 Σεμπρω-

221 2513 288 2555 νίῳ
314 2512 378 2546 καὶ
403 2514 561 2552 πολλοῖς
586 2507 715 2550 αλλοις
741 2512 898 2556 εἰ’.ρηται
946 2514 991 2554 ef.
1017 2513 1208 2554 Sclmester
1232 2513 1254 2543 I
1278 2523 1312 2554 p.
1341 2513 1403 2544 159
1427 2522 1477 2554 sss.

336 2658 388 2712 4,
420 2665 457 2701 8.
491 2664 575 2700 dicit
605 2662 818 2700 Beruensis
1018 2662 1055 2697 8.
1090 2662 1124 2697 9.
1159 2672 1262 2709 quam
1298 2661 1451 2708 primum
1485 2680 1533 2685 —
1567 2665 1744 2696 testantur

223 2734 290 2756 nm.
329 2721 443 2756 Rern.

335 2772 385 2823 5,
419 2776 610 2813 Consenti!
644 2776 733 2823 fere
763 2787 845 2812 cum
877 2776 1059 2810 contextu
1092 2775 1302 2810 Beruensis
1495 2772 1558 2809 12.
1590 2773 1741 2820 primum

225 2832 379 2868 (las-svn.
532 2833 663 2868 italiam
691 2832 846 2869 Cussell.
875 2843 936 2878 pr.
960 2844 1005 2866 m.
1069 2831 1174 2866 italos
1205 2829 1376 2877 quosdam
1410 2830 1468 2877 qui
1502 2829 1606 2865 Cass.
1640 2839 1670 2864 s.
1693 2841 1740 2864 m.

338 2890 399 2924 125.
432 2889 656 2936 appellantur
687 2889 840 2925 Cussell.
