<?xml version="1.0" encoding="UTF-8"?>
<!DOCTYPE html PUBLIC "-//W3C//DTD XHTML 1.0 Transitional//EN"
    "http://www.w3.org/TR/xhtml1/DTD/xhtml1-transitional.dtd">
<html xmlns="http://www.w3.org/1999/xhtml" xml:lang="en" lang="en">
 <head>
  <title>
</title>
<meta http-equiv="Content-Type" content="text/html;charset=utf-8" />
  <meta name='ocr-system' content='tesseract 3.04.00' />
  <meta name='ocr-capabilities' content='ocr_page ocr_carea ocr_par ocr_line ocrx_word'/>
</head>
<body>
  <div class='ocr_page' id='page_1' title='image "./veterumhistorico01peteuoft_0112.png"; bbox 0 0 1884 3213; ppageno 0'>
   <div class='ocr_carea' id='block_1_1' title="bbox 243 212 1494 252">
    <p class='ocr_par' dir='ltr' id='par_1_1' title="bbox 243 212 1494 252">
     <span class='ocr_line' id='line_1_1' title="bbox 243 212 1494 252; baseline 0.005 -10"><span class='ocrx_word' id='word_1_1' title='bbox 243 224 452 252; x_wconf 40' lang='lat' dir='ltr'>llxxxvln</span> <span class='ocrx_word' id='word_1_2' title='bbox 616 214 679 244; x_wconf 76' lang='lat' dir='ltr'>DE</span> <span class='ocrx_word' id='word_1_3' title='bbox 707 212 1014 245; x_wconf 63' lang='lat' dir='ltr'><strong>SCRIPTORVM</strong></span> <span class='ocrx_word' id='word_1_4' title='bbox 1040 213 1167 245; x_wconf 81' lang='lat' dir='ltr'>VITIS</span> <span class='ocrx_word' id='word_1_5' title='bbox 1194 215 1254 246; x_wconf 79' lang='lat' dir='ltr'>ET</span> <span class='ocrx_word' id='word_1_6' title='bbox 1281 214 1494 248; x_wconf 83' lang='lat' dir='ltr'>SCRIPTIS</span> 
     </span>
    </p>
   </div>
   <div class='ocr_carea' id='block_1_2' title="bbox 243 326 1773 2409">
    <p class='ocr_par' dir='ltr' id='par_1_2' title="bbox 243 326 1764 704">
     <span class='ocr_line' id='line_1_2' title="bbox 245 326 1764 379; baseline 0.003 -14"><span class='ocrx_word' id='word_1_7' title='bbox 245 327 438 365; x_wconf 68' lang='lat' dir='ltr'>Eusebius</span> <span class='ocrx_word' id='word_1_8' title='bbox 470 327 715 377; x_wconf 70' lang='lat' dir='ltr'>deprompsit</span> <span class='ocrx_word' id='word_1_9' title='bbox 747 339 793 364; x_wconf 78' lang='lat' dir='ltr'>rx</span> <span class='ocrx_word' id='word_1_10' title='bbox 825 326 1018 372; x_wconf 84' lang='lat' dir='ltr'>Diodoro,</span> <span class='ocrx_word' id='word_1_11' title='bbox 1052 341 1169 379; x_wconf 82' lang='lat' dir='ltr'>quem</span> <span class='ocrx_word' id='word_1_12' title='bbox 1203 329 1354 368; x_wconf 88' lang='lat' dir='ltr'>Latinis</span> <span class='ocrx_word' id='word_1_13' title='bbox 1385 329 1617 368; x_wconf 87' lang='lat' dir='ltr'>auctoribus</span> <span class='ocrx_word' id='word_1_14' title='bbox 1651 343 1764 369; x_wconf 89' lang='lat' dir='ltr'>usum</span> 
     </span>
     <span class='ocr_line' id='line_1_3' title="bbox 243 393 1764 445; baseline 0.003 -15"><span class='ocrx_word' id='word_1_15' title='bbox 243 408 328 431; x_wconf 62' lang='lat' dir='ltr'>esso</span> <span class='ocrx_word' id='word_1_16' title='bbox 363 394 476 432; x_wconf 83' lang='lat' dir='ltr'>nobis</span> <span class='ocrx_word' id='word_1_17' title='bbox 509 407 585 433; x_wconf 90' lang='lat' dir='ltr'>non</span> <span class='ocrx_word' id='word_1_18' title='bbox 619 395 816 445; x_wconf 72' lang='lat' dir='ltr'>persuasit</span> <span class='ocrx_word' id='word_1_19' title='bbox 847 394 1042 445; x_wconf 75' lang='lat' dir='ltr'>Han-less),</span> <span class='ocrx_word' id='word_1_20' title='bbox 1088 393 1176 443; x_wconf 75' lang='lat'>12¹)</span> <span class='ocrx_word' id='word_1_21' title='bbox 1220 398 1259 435; x_wconf 93' lang='lat' dir='ltr'>in</span> <span class='ocrx_word' id='word_1_22' title='bbox 1299 397 1373 435; x_wconf 91' lang='lat' dir='ltr'>hoc</span> <span class='ocrx_word' id='word_1_23' title='bbox 1406 409 1574 436; x_wconf 89' lang='lat' dir='ltr'>numero</span> <span class='ocrx_word' id='word_1_24' title='bbox 1609 402 1764 437; x_wconf 84' lang='lat' dir='ltr'>exstare</span> 
     </span>
     <span class='ocr_line' id='line_1_4' title="bbox 245 462 1763 513; baseline 0.003 -14"><span class='ocrx_word' id='word_1_25' title='bbox 245 462 455 502; x_wconf 80' lang='lat' dir='ltr'>noluimus,</span> <span class='ocrx_word' id='word_1_26' title='bbox 489 462 592 512; x_wconf 76' lang='lat' dir='ltr'>quod</span> <span class='ocrx_word' id='word_1_27' title='bbox 624 462 672 500; x_wconf 89' lang='lat' dir='ltr'>ad</span> <span class='ocrx_word' id='word_1_28' title='bbox 703 462 875 513; x_wconf 80' lang='lat' dir='ltr'>aliquem</span> <span class='ocrx_word' id='word_1_29' title='bbox 902 462 1067 501; x_wconf 85' lang='lat' dir='ltr'>Fabium</span> <span class='ocrx_word' id='word_1_30' title='bbox 1101 464 1310 503; x_wconf 79' lang='lat' dir='ltr'>referenda</span> <span class='ocrx_word' id='word_1_31' title='bbox 1343 470 1470 509; x_wconf 86' lang='lat' dir='ltr'>erant,</span> <span class='ocrx_word' id='word_1_32' title='bbox 1504 470 1554 509; x_wconf 88' lang='lat' dir='ltr'>et,</span> <span class='ocrx_word' id='word_1_33' title='bbox 1589 470 1630 503; x_wconf 90' lang='lat' dir='ltr'>ut</span> <span class='ocrx_word' id='word_1_34' title='bbox 1663 465 1763 504; x_wconf 90' lang='lat' dir='ltr'>nihil</span> 
     </span>
     <span class='ocr_line' id='line_1_5' title="bbox 245 529 1763 584; baseline 0.003 -16"><span class='ocrx_word' id='word_1_35' title='bbox 245 529 459 580; x_wconf 73' lang='lat' dir='ltr'>inpellrhat</span> <span class='ocrx_word' id='word_1_36' title='bbox 489 536 529 568; x_wconf 85' lang='lat' dir='ltr'>ut</span> <span class='ocrx_word' id='word_1_37' title='bbox 560 530 714 569; x_wconf 85' lang='lat' dir='ltr'>Latinis</span> <span class='ocrx_word' id='word_1_38' title='bbox 745 529 957 569; x_wconf 73' lang='lat' dir='ltr'>annalibus</span> <span class='ocrx_word' id='word_1_39' title='bbox 988 530 1330 576; x_wconf 76' lang='lat' dir='ltr'>adscriberemus,</span> <span class='ocrx_word' id='word_1_40' title='bbox 1366 534 1417 571; x_wconf 89' lang='lat' dir='ltr'>ita</span> <span class='ocrx_word' id='word_1_41' title='bbox 1452 532 1550 571; x_wconf 80' lang='lat' dir='ltr'>nihil</span> <span class='ocrx_word' id='word_1_42' title='bbox 1584 532 1763 584; x_wconf 88' lang='lat' dir='ltr'>inpedie-</span> 
     </span>
     <span class='ocr_line' id='line_1_6' title="bbox 246 597 1764 650; baseline 0.003 -16"><span class='ocrx_word' id='word_1_43' title='bbox 246 597 328 638; x_wconf 82' lang='lat' dir='ltr'>bat,</span> <span class='ocrx_word' id='word_1_44' title='bbox 361 598 575 648; x_wconf 80' lang='lat' dir='ltr'>quominus</span> <span class='ocrx_word' id='word_1_45' title='bbox 613 598 777 637; x_wconf 87' lang='lat' dir='ltr'>Graecis</span> <span class='ocrx_word' id='word_1_46' title='bbox 814 597 1098 637; x_wconf 77' lang='lat' dir='ltr'>tribueremus.</span> <span class='ocrx_word' id='word_1_47' title='bbox 1168 601 1360 638; x_wconf 89' lang='lat' dir='ltr'>asterisco</span> <span class='ocrx_word' id='word_1_48' title='bbox 1400 605 1530 650; x_wconf 83' lang='lat' dir='ltr'>tamen</span> <span class='ocrx_word' id='word_1_49' title='bbox 1570 600 1668 639; x_wconf 88' lang='lat' dir='ltr'>haec</span> <span class='ocrx_word' id='word_1_50' title='bbox 1707 600 1764 639; x_wconf 84' lang='lat' dir='ltr'>(li-</span> 
     </span>
     <span class='ocr_line' id='line_1_7' title="bbox 243 666 467 704; baseline 0 -2"><span class='ocrx_word' id='word_1_51' title='bbox 243 666 467 704; x_wconf 82' lang='lat' dir='ltr'>stinximus.</span> 
     </span>
    </p>

    <p class='ocr_par' dir='ltr' id='par_1_3' title="bbox 245 733 1773 2409">
     <span class='ocr_line' id='line_1_8' title="bbox 356 733 1767 787; baseline 0.004 -18"><span class='ocrx_word' id='word_1_52' title='bbox 356 733 432 770; x_wconf 81' lang='lat' dir='ltr'>Sed</span> <span class='ocrx_word' id='word_1_53' title='bbox 466 733 672 771; x_wconf 84' lang='lat' dir='ltr'>redeamus</span> <span class='ocrx_word' id='word_1_54' title='bbox 704 733 750 771; x_wconf 89' lang='lat' dir='ltr'>ad</span> <span class='ocrx_word' id='word_1_55' title='bbox 785 733 893 778; x_wconf 90' lang='lat' dir='ltr'>illud,</span> <span class='ocrx_word' id='word_1_56' title='bbox 928 734 1031 773; x_wconf 86' lang='lat' dir='ltr'>unde</span> <span class='ocrx_word' id='word_1_57' title='bbox 1063 734 1323 774; x_wconf 88' lang='lat' dir='ltr'>deuertimus.</span> <span class='ocrx_word' id='word_1_58' title='bbox 1385 737 1418 773; x_wconf 88' lang='lat' dir='ltr'>si</span> <span class='ocrx_word' id='word_1_59' title='bbox 1451 737 1558 774; x_wconf 80' lang='lat' dir='ltr'>enini</span> <span class='ocrx_word' id='word_1_60' title='bbox 1588 735 1767 787; x_wconf 80' lang='lat' dir='ltr'>Dionysii</span> 
     </span>
     <span class='ocr_line' id='line_1_9' title="bbox 245 798 1767 845; baseline 0.003 -7"><span class='ocrx_word' id='word_1_61' title='bbox 245 800 271 838; x_wconf 55' lang='lat' dir='ltr'>sl</span> <span class='ocrx_word' id='word_1_62' title='bbox 307 798 371 838; x_wconf 36' lang='grc' dir='ltr'>79γ</span> <span class='ocrx_word' id='word_1_63' title='bbox 407 800 543 839; x_wconf 85' lang='lat' dir='ltr'>uerbis</span> <span class='ocrx_word' id='word_1_64' title='bbox 575 801 691 840; x_wconf 84' lang='lat' dir='ltr'>tidem</span> <span class='ocrx_word' id='word_1_65' title='bbox 732 800 941 845; x_wconf 86' lang='lat' dir='ltr'>habemus,</span> <span class='ocrx_word' id='word_1_66' title='bbox 991 802 1095 841; x_wconf 89' lang='lat' dir='ltr'>hunc</span> <span class='ocrx_word' id='word_1_67' title='bbox 1136 803 1337 841; x_wconf 83' lang='lat' dir='ltr'>Fabium</span> <span class='ocrx_word' id='word_1_68' title='bbox 1378 804 1542 842; x_wconf 88' lang='lat' dir='ltr'>secuti</span> <span class='ocrx_word' id='word_1_69' title='bbox 1582 809 1695 842; x_wconf 88' lang='lat' dir='ltr'>sunt</span> <span class='ocrx_word' id='word_1_70' title='bbox 1727 805 1767 842; x_wconf 91' lang='lat' dir='ltr'>in</span> 
     </span>
     <span class='ocr_line' id='line_1_10' title="bbox 246 868 1766 922; baseline 0.005 -19"><span class='ocrx_word' id='word_1_71' title='bbox 246 868 476 918; x_wconf 73' lang='lat' dir='ltr'>primordiis</span> <span class='ocrx_word' id='word_1_72' title='bbox 509 868 622 907; x_wconf 88' lang='lat' dir='ltr'>urhis</span> <span class='ocrx_word' id='word_1_73' title='bbox 653 869 886 907; x_wconf 69' lang='lat' dir='ltr'>enarrandis</span> <span class='ocrx_word' id='word_1_74' title='bbox 918 869 959 907; x_wconf 91' lang='lat' dir='ltr'>L.</span> <span class='ocrx_word' id='word_1_75' title='bbox 993 870 1219 915; x_wconf 82' lang='lat' dir='ltr'>Cincius,</span> <span class='ocrx_word' id='word_1_76' title='bbox 1252 871 1463 922; x_wconf 87' lang='lat' dir='ltr'>Porcius</span> <span class='ocrx_word' id='word_1_77' title='bbox 1494 871 1633 916; x_wconf 87' lang='lat' dir='ltr'>Cato,</span> <span class='ocrx_word' id='word_1_78' title='bbox 1667 871 1766 910; x_wconf 83' lang='lat' dir='ltr'>Cal-</span> 
     </span>
     <span class='ocr_line' id='line_1_11' title="bbox 246 936 1769 990; baseline 0.003 -18"><span class='ocrx_word' id='word_1_79' title='bbox 246 937 461 986; x_wconf 90' lang='lat' dir='ltr'>purnius</span> <span class='ocrx_word' id='word_1_80' title='bbox 502 936 633 979; x_wconf 83' lang='lat' dir='ltr'>Piso,</span> <span class='ocrx_word' id='word_1_81' title='bbox 682 942 909 976; x_wconf 81' lang='lat' dir='ltr'>ceterorum</span> <span class='ocrx_word' id='word_1_82' title='bbox 957 939 1199 989; x_wconf 87' lang='lat' dir='ltr'>scriptorum</span> <span class='ocrx_word' id='word_1_83' title='bbox 1244 939 1371 978; x_wconf 85' lang='lat' dir='ltr'>maior</span> <span class='ocrx_word' id='word_1_84' title='bbox 1415 951 1518 990; x_wconf 88' lang='lat' dir='ltr'>pars.</span> <span class='ocrx_word' id='word_1_85' title='bbox 1595 939 1663 978; x_wconf 91' lang='lat' dir='ltr'>sed</span> <span class='ocrx_word' id='word_1_86' title='bbox 1710 945 1769 977; x_wconf 89' lang='lat' dir='ltr'>est</span> 
     </span>
     <span class='ocr_line' id='line_1_12' title="bbox 245 1004 1769 1058; baseline 0.004 -19"><span class='ocrx_word' id='word_1_87' title='bbox 245 1016 337 1041; x_wconf 84' lang='lat' dir='ltr'>sane</span> <span class='ocrx_word' id='word_1_88' title='bbox 371 1016 442 1041; x_wconf 72' lang='lat' dir='ltr'>eur</span> <span class='ocrx_word' id='word_1_89' title='bbox 475 1004 521 1042; x_wconf 91' lang='lat' dir='ltr'>de</span> <span class='ocrx_word' id='word_1_90' title='bbox 544 1004 682 1043; x_wconf 81' lang='lat' dir='ltr'>Cincio</span> <span class='ocrx_word' id='word_1_91' title='bbox 704 1006 863 1057; x_wconf 87' lang='lat' dir='ltr'>quidem</span> <span class='ocrx_word' id='word_1_92' title='bbox 887 1005 1147 1045; x_wconf 87' lang='lat' dir='ltr'>uehementer</span> <span class='ocrx_word' id='word_1_93' title='bbox 1170 1006 1414 1046; x_wconf 89' lang='lat' dir='ltr'>dubitemus.</span> <span class='ocrx_word' id='word_1_94' title='bbox 1466 1008 1640 1058; x_wconf 89' lang='lat' dir='ltr'>primum</span> <span class='ocrx_word' id='word_1_95' title='bbox 1663 1008 1769 1045; x_wconf 90' lang='lat' dir='ltr'>enim</span> 
     </span>
     <span class='ocr_line' id='line_1_13' title="bbox 246 1073 1768 1126; baseline 0.004 -19"><span class='ocrx_word' id='word_1_96' title='bbox 246 1083 384 1121; x_wconf 89' lang='lat' dir='ltr'>parum</span> <span class='ocrx_word' id='word_1_97' title='bbox 418 1077 475 1110; x_wconf 78' lang='lat' dir='ltr'>est</span> <span class='ocrx_word' id='word_1_98' title='bbox 508 1073 594 1110; x_wconf 87' lang='lat' dir='ltr'>ueri</span> <span class='ocrx_word' id='word_1_99' title='bbox 626 1073 770 1117; x_wconf 87' lang='lat' dir='ltr'>simile,</span> <span class='ocrx_word' id='word_1_100' title='bbox 804 1074 998 1118; x_wconf 89' lang='lat' dir='ltr'>Cincium,</span> <span class='ocrx_word' id='word_1_101' title='bbox 1031 1076 1098 1125; x_wconf 88' lang='lat' dir='ltr'>qui</span> <span class='ocrx_word' id='word_1_102' title='bbox 1131 1080 1197 1113; x_wconf 88' lang='lat' dir='ltr'>aut</span> <span class='ocrx_word' id='word_1_103' title='bbox 1229 1074 1367 1113; x_wconf 86' lang='lat' dir='ltr'>eodem</span> <span class='ocrx_word' id='word_1_104' title='bbox 1398 1081 1577 1126; x_wconf 90' lang='lat' dir='ltr'>tempore</span> <span class='ocrx_word' id='word_1_105' title='bbox 1599 1087 1676 1126; x_wconf 85' lang='lat' dir='ltr'>quo</span> <span class='ocrx_word' id='word_1_106' title='bbox 1697 1074 1768 1113; x_wconf 88' lang='lat' dir='ltr'>Fa-</span> 
     </span>
     <span class='ocr_line' id='line_1_14' title="bbox 248 1138 1768 1194; baseline 0.004 -19"><span class='ocrx_word' id='word_1_107' title='bbox 248 1138 335 1177; x_wconf 85' lang='lat' dir='ltr'>bius</span> <span class='ocrx_word' id='word_1_108' title='bbox 358 1145 423 1177; x_wconf 89' lang='lat' dir='ltr'>aut</span> <span class='ocrx_word' id='word_1_109' title='bbox 456 1141 666 1190; x_wconf 72' lang='lat' dir='ltr'>perpaucis</span> <span class='ocrx_word' id='word_1_110' title='bbox 689 1143 804 1179; x_wconf 90' lang='lat' dir='ltr'>annis</span> <span class='ocrx_word' id='word_1_111' title='bbox 836 1147 922 1192; x_wconf 91' lang='lat' dir='ltr'>post</span> <span class='ocrx_word' id='word_1_112' title='bbox 955 1141 1080 1180; x_wconf 89' lang='lat' dir='ltr'>libros</span> <span class='ocrx_word' id='word_1_113' title='bbox 1102 1154 1194 1181; x_wconf 92' lang='lat' dir='ltr'>suos</span> <span class='ocrx_word' id='word_1_114' title='bbox 1217 1143 1441 1194; x_wconf 80' lang='lat' dir='ltr'>conposuit,</span> <span class='ocrx_word' id='word_1_115' title='bbox 1475 1142 1584 1182; x_wconf 92' lang='lat' dir='ltr'>illius</span> <span class='ocrx_word' id='word_1_116' title='bbox 1605 1142 1768 1182; x_wconf 85' lang='lat' dir='ltr'>annales</span> 
     </span>
     <span class='ocr_line' id='line_1_15' title="bbox 245 1206 1768 1262; baseline 0.005 -20"><span class='ocrx_word' id='word_1_117' title='bbox 245 1206 517 1257; x_wconf 63' lang='lat' dir='ltr'>descripsisse.</span> <span class='ocrx_word' id='word_1_118' title='bbox 573 1213 655 1246; x_wconf 91' lang='lat' dir='ltr'>tum</span> <span class='ocrx_word' id='word_1_119' title='bbox 687 1210 726 1247; x_wconf 93' lang='lat' dir='ltr'>in</span> <span class='ocrx_word' id='word_1_120' title='bbox 763 1214 869 1247; x_wconf 88' lang='lat' dir='ltr'>tanta</span> <span class='ocrx_word' id='word_1_121' title='bbox 900 1210 1216 1259; x_wconf 72' lang='lat' dir='ltr'>fragmentorum</span> <span class='ocrx_word' id='word_1_122' title='bbox 1248 1209 1531 1249; x_wconf 86' lang='lat' dir='ltr'>Cincianorum</span> <span class='ocrx_word' id='word_1_123' title='bbox 1569 1211 1768 1262; x_wconf 77' lang='lat' dir='ltr'>paucitate</span> 
     </span>
     <span class='ocr_line' id='line_1_16' title="bbox 247 1274 1770 1328; baseline 0.005 -18"><span class='ocrx_word' id='word_1_124' title='bbox 247 1281 376 1312; x_wconf 65' lang='lat' dir='ltr'>tzuuen</span> <span class='ocrx_word' id='word_1_125' title='bbox 410 1274 456 1312; x_wconf 85' lang='lat' dir='ltr'>de</span> <span class='ocrx_word' id='word_1_126' title='bbox 489 1287 590 1313; x_wconf 89' lang='lat' dir='ltr'>anno</span> <span class='ocrx_word' id='word_1_127' title='bbox 632 1277 716 1326; x_wconf 86' lang='lat' dir='ltr'>ipso</span> <span class='ocrx_word' id='word_1_128' title='bbox 754 1289 831 1328; x_wconf 87' lang='lat' dir='ltr'>quo</span> <span class='ocrx_word' id='word_1_129' title='bbox 862 1276 985 1315; x_wconf 90' lang='lat' dir='ltr'>Roma</span> <span class='ocrx_word' id='word_1_130' title='bbox 1017 1277 1176 1316; x_wconf 90' lang='lat' dir='ltr'>condita</span> <span class='ocrx_word' id='word_1_131' title='bbox 1218 1279 1288 1321; x_wconf 88' lang='lat' dir='ltr'>sit,</span> <span class='ocrx_word' id='word_1_132' title='bbox 1336 1290 1426 1316; x_wconf 89' lang='lat' dir='ltr'>cum</span> <span class='ocrx_word' id='word_1_133' title='bbox 1465 1278 1578 1317; x_wconf 87' lang='lat' dir='ltr'>Fabii</span> <span class='ocrx_word' id='word_1_134' title='bbox 1617 1279 1770 1317; x_wconf 86' lang='lat' dir='ltr'>ratione</span> 
     </span>
     <span class='ocr_line' id='line_1_17' title="bbox 249 1342 1771 1396; baseline 0.003 -17"><span class='ocrx_word' id='word_1_135' title='bbox 249 1342 413 1380; x_wconf 88' lang='lat' dir='ltr'>multum</span> <span class='ocrx_word' id='word_1_136' title='bbox 447 1342 660 1393; x_wconf 79' lang='lat' dir='ltr'>discrepat,</span> <span class='ocrx_word' id='word_1_137' title='bbox 693 1345 881 1394; x_wconf 85' lang='lat' dir='ltr'>quoniam</span> <span class='ocrx_word' id='word_1_138' title='bbox 914 1344 1194 1395; x_wconf 84' lang='lat' dir='ltr'>duodeuiginti</span> <span class='ocrx_word' id='word_1_139' title='bbox 1218 1346 1331 1383; x_wconf 87' lang='lat' dir='ltr'>aunis</span> <span class='ocrx_word' id='word_1_140' title='bbox 1363 1351 1451 1396; x_wconf 89' lang='lat' dir='ltr'>post</span> <span class='ocrx_word' id='word_1_141' title='bbox 1473 1345 1640 1384; x_wconf 87' lang='lat' dir='ltr'>Fabium</span> <span class='ocrx_word' id='word_1_142' title='bbox 1673 1345 1771 1384; x_wconf 90' lang='lat' dir='ltr'>illud</span> 
     </span>
     <span class='ocr_line' id='line_1_18' title="bbox 247 1408 1771 1463; baseline 0.003 -16"><span class='ocrx_word' id='word_1_143' title='bbox 247 1411 393 1447; x_wconf 80' lang='lat' dir='ltr'>sartum</span> <span class='ocrx_word' id='word_1_144' title='bbox 427 1423 512 1448; x_wconf 87' lang='lat' dir='ltr'>esse</span> <span class='ocrx_word' id='word_1_145' title='bbox 546 1410 631 1449; x_wconf 88' lang='lat' dir='ltr'>uult</span> <span class='ocrx_word' id='word_1_146' title='bbox 664 1410 770 1458; x_wconf 65' lang='lat' dir='ltr'>(Fal).</span> <span class='ocrx_word' id='word_1_147' title='bbox 805 1413 853 1450; x_wconf 85' lang='lat' dir='ltr'>fr.</span> <span class='ocrx_word' id='word_1_148' title='bbox 886 1408 924 1450; x_wconf 86' lang='grc'>6.</span> <span class='ocrx_word' id='word_1_149' title='bbox 966 1412 1073 1451; x_wconf 89' lang='lat' dir='ltr'>Cinc.</span> <span class='ocrx_word' id='word_1_150' title='bbox 1106 1414 1155 1451; x_wconf 88' lang='lat' dir='ltr'>sr.</span> <span class='ocrx_word' id='word_1_151' title='bbox 1178 1410 1233 1463; x_wconf 81' lang='lat'>4).</span> <span class='ocrx_word' id='word_1_152' title='bbox 1282 1425 1355 1451; x_wconf 87' lang='lat' dir='ltr'>nec</span> <span class='ocrx_word' id='word_1_153' title='bbox 1386 1414 1519 1452; x_wconf 85' lang='lat' dir='ltr'>minus</span> <span class='ocrx_word' id='word_1_154' title='bbox 1551 1413 1771 1452; x_wconf 83' lang='lat' dir='ltr'>infeliciter</span> 
     </span>
     <span class='ocr_line' id='line_1_19' title="bbox 249 1477 1769 1532; baseline 0.003 -18"><span class='ocrx_word' id='word_1_155' title='bbox 249 1477 458 1527; x_wconf 59' lang='lat' dir='ltr'>Dionysius·</span> <span class='ocrx_word' id='word_1_156' title='bbox 490 1478 645 1516; x_wconf 86' lang='lat' dir='ltr'>Pisonis</span> <span class='ocrx_word' id='word_1_157' title='bbox 677 1479 902 1530; x_wconf 84' lang='lat' dir='ltr'>exemplum</span> <span class='ocrx_word' id='word_1_158' title='bbox 936 1481 1079 1530; x_wconf 80' lang='lat' dir='ltr'>posuit,</span> <span class='ocrx_word' id='word_1_159' title='bbox 1113 1481 1181 1532; x_wconf 83' lang='lat' dir='ltr'>qui</span> <span class='ocrx_word' id='word_1_160' title='bbox 1214 1482 1366 1531; x_wconf 89' lang='lat' dir='ltr'>primus</span> <span class='ocrx_word' id='word_1_161' title='bbox 1398 1482 1504 1519; x_wconf 88' lang='lat' dir='ltr'>uiam</span> <span class='ocrx_word' id='word_1_162' title='bbox 1538 1493 1558 1519; x_wconf 91' lang='lat' dir='ltr'>a</span> <span class='ocrx_word' id='word_1_163' title='bbox 1590 1482 1769 1532; x_wconf 90' lang='lat' dir='ltr'>superio-</span> 
     </span>
     <span class='ocr_line' id='line_1_20' title="bbox 249 1544 1771 1600; baseline 0.003 -18"><span class='ocrx_word' id='word_1_164' title='bbox 249 1544 359 1583; x_wconf 83' lang='lat' dir='ltr'>ribus</span> <span class='ocrx_word' id='word_1_165' title='bbox 391 1545 596 1584; x_wconf 82' lang='lat' dir='ltr'>historicis</span> <span class='ocrx_word' id='word_1_166' title='bbox 628 1547 767 1585; x_wconf 89' lang='lat' dir='ltr'>initam</span> <span class='ocrx_word' id='word_1_167' title='bbox 800 1546 976 1585; x_wconf 89' lang='lat' dir='ltr'>deseruit</span> <span class='ocrx_word' id='word_1_168' title='bbox 1008 1552 1046 1585; x_wconf 90' lang='lat' dir='ltr'>et</span> <span class='ocrx_word' id='word_1_169' title='bbox 1078 1546 1246 1591; x_wconf 83' lang='lat' dir='ltr'>fabulas,</span> <span class='ocrx_word' id='word_1_170' title='bbox 1279 1560 1378 1599; x_wconf 84' lang='lat' dir='ltr'>quas</span> <span class='ocrx_word' id='word_1_171' title='bbox 1400 1548 1467 1587; x_wconf 92' lang='lat' dir='ltr'>alii</span> <span class='ocrx_word' id='word_1_172' title='bbox 1501 1548 1771 1600; x_wconf 85' lang='lat' dir='ltr'>inexploratas</span> 
     </span>
     <span class='ocr_line' id='line_1_21' title="bbox 249 1612 1770 1666; baseline 0.003 -16"><span class='ocrx_word' id='word_1_173' title='bbox 249 1613 288 1650; x_wconf 91' lang='lat' dir='ltr'>in</span> <span class='ocrx_word' id='word_1_174' title='bbox 321 1612 507 1652; x_wconf 82' lang='lat' dir='ltr'>historias</span> <span class='ocrx_word' id='word_1_175' title='bbox 539 1620 788 1665; x_wconf 84' lang='lat' dir='ltr'>receperant,</span> <span class='ocrx_word' id='word_1_176' title='bbox 822 1614 957 1653; x_wconf 89' lang='lat' dir='ltr'>colore</span> <span class='ocrx_word' id='word_1_177' title='bbox 989 1615 1164 1666; x_wconf 66' lang='lat' dir='ltr'>mythico</span> <span class='ocrx_word' id='word_1_178' title='bbox 1187 1615 1345 1654; x_wconf 87' lang='lat' dir='ltr'>deterso</span> <span class='ocrx_word' id='word_1_179' title='bbox 1368 1617 1421 1654; x_wconf 91' lang='lat' dir='ltr'>ita</span> <span class='ocrx_word' id='word_1_180' title='bbox 1444 1621 1599 1655; x_wconf 88' lang='lat' dir='ltr'>mutare</span> <span class='ocrx_word' id='word_1_181' title='bbox 1631 1621 1670 1655; x_wconf 89' lang='lat' dir='ltr'>et</span> <span class='ocrx_word' id='word_1_182' title='bbox 1701 1629 1770 1655; x_wconf 91' lang='lat' dir='ltr'>no-</span> 
     </span>
     <span class='ocr_line' id='line_1_22' title="bbox 251 1681 1770 1734; baseline 0.005 -18"><span class='ocrx_word' id='word_1_183' title='bbox 251 1692 343 1717; x_wconf 85' lang='lat' dir='ltr'>uare</span> <span class='ocrx_word' id='word_1_184' title='bbox 375 1681 537 1723; x_wconf 76' lang='lat' dir='ltr'>studuit,</span> <span class='ocrx_word' id='word_1_185' title='bbox 571 1687 611 1720; x_wconf 91' lang='lat' dir='ltr'>ut</span> <span class='ocrx_word' id='word_1_186' title='bbox 643 1695 661 1720; x_wconf 88' lang='lat' dir='ltr'>a</span> <span class='ocrx_word' id='word_1_187' title='bbox 694 1687 860 1721; x_wconf 88' lang='lat' dir='ltr'>naturae</span> <span class='ocrx_word' id='word_1_188' title='bbox 892 1681 1050 1732; x_wconf 81' lang='lat' dir='ltr'>legibus</span> <span class='ocrx_word' id='word_1_189' title='bbox 1081 1695 1158 1721; x_wconf 92' lang='lat' dir='ltr'>non</span> <span class='ocrx_word' id='word_1_190' title='bbox 1191 1682 1467 1722; x_wconf 89' lang='lat' dir='ltr'>abhorrerent.</span> <span class='ocrx_word' id='word_1_191' title='bbox 1528 1685 1654 1734; x_wconf 84' lang='lat' dir='ltr'>magis</span> <span class='ocrx_word' id='word_1_192' title='bbox 1685 1696 1770 1724; x_wconf 88' lang='lat' dir='ltr'>cre-</span> 
     </span>
     <span class='ocr_line' id='line_1_23' title="bbox 249 1747 1771 1801; baseline 0.005 -19"><span class='ocrx_word' id='word_1_193' title='bbox 249 1747 337 1786; x_wconf 89' lang='lat' dir='ltr'>dam</span> <span class='ocrx_word' id='word_1_194' title='bbox 370 1748 417 1786; x_wconf 87' lang='lat' dir='ltr'>de</span> <span class='ocrx_word' id='word_1_195' title='bbox 448 1749 607 1792; x_wconf 71' lang='lat' dir='ltr'>(latone,</span> <span class='ocrx_word' id='word_1_196' title='bbox 640 1762 877 1801; x_wconf 83' lang='lat' dir='ltr'>quamquam</span> <span class='ocrx_word' id='word_1_197' title='bbox 910 1751 1029 1788; x_wconf 85' lang='lat' dir='ltr'>etiam</span> <span class='ocrx_word' id='word_1_198' title='bbox 1061 1750 1166 1790; x_wconf 90' lang='lat' dir='ltr'>hunc</span> <span class='ocrx_word' id='word_1_199' title='bbox 1195 1753 1347 1790; x_wconf 89' lang='lat' dir='ltr'>cumin</span> <span class='ocrx_word' id='word_1_200' title='bbox 1379 1752 1514 1791; x_wconf 88' lang='lat' dir='ltr'>multis</span> <span class='ocrx_word' id='word_1_201' title='bbox 1536 1750 1658 1791; x_wconf 86' lang='lat' dir='ltr'>rebus</span> <span class='ocrx_word' id='word_1_202' title='bbox 1688 1757 1771 1791; x_wconf 89' lang='lat' dir='ltr'>tum</span> 
     </span>
     <span class='ocr_line' id='line_1_24' title="bbox 253 1816 1773 1864; baseline 0.003 -11"><span class='ocrx_word' id='word_1_203' title='bbox 253 1817 290 1853; x_wconf 90' lang='lat' dir='ltr'>in</span> <span class='ocrx_word' id='word_1_204' title='bbox 324 1828 426 1854; x_wconf 88' lang='lat' dir='ltr'>anno</span> <span class='ocrx_word' id='word_1_205' title='bbox 460 1816 571 1854; x_wconf 87' lang='lat' dir='ltr'>urbis</span> <span class='ocrx_word' id='word_1_206' title='bbox 602 1817 785 1855; x_wconf 90' lang='lat' dir='ltr'>conditae</span> <span class='ocrx_word' id='word_1_207' title='bbox 817 1817 1042 1856; x_wconf 88' lang='lat' dir='ltr'>definiendo</span> <span class='ocrx_word' id='word_1_208' title='bbox 1082 1818 1130 1857; x_wconf 86' lang='lat' dir='ltr'>ab</span> <span class='ocrx_word' id='word_1_209' title='bbox 1171 1832 1217 1857; x_wconf 86' lang='lat' dir='ltr'>eo</span> <span class='ocrx_word' id='word_1_210' title='bbox 1257 1819 1489 1858; x_wconf 86' lang='lat' dir='ltr'>discessisse</span> <span class='ocrx_word' id='word_1_211' title='bbox 1521 1824 1697 1864; x_wconf 85' lang='lat' dir='ltr'>constat,</span> <span class='ocrx_word' id='word_1_212' title='bbox 1731 1825 1773 1858; x_wconf 89' lang='lat' dir='ltr'>ut</span> 
     </span>
     <span class='ocr_line' id='line_1_25' title="bbox 251 1884 1772 1937; baseline 0.003 -16"><span class='ocrx_word' id='word_1_213' title='bbox 251 1896 327 1921; x_wconf 91' lang='lat' dir='ltr'>non</span> <span class='ocrx_word' id='word_1_214' title='bbox 360 1889 484 1921; x_wconf 89' lang='lat' dir='ltr'>totum</span> <span class='ocrx_word' id='word_1_215' title='bbox 524 1896 612 1922; x_wconf 82' lang='lat' dir='ltr'>eum</span> <span class='ocrx_word' id='word_1_216' title='bbox 653 1884 744 1923; x_wconf 86' lang='lat' dir='ltr'>huic</span> <span class='ocrx_word' id='word_1_217' title='bbox 784 1886 939 1923; x_wconf 69' lang='lat' dir='ltr'>aiictori</span> <span class='ocrx_word' id='word_1_218' title='bbox 979 1898 1020 1924; x_wconf 84' lang='lat' dir='ltr'>se</span> <span class='ocrx_word' id='word_1_219' title='bbox 1061 1886 1259 1925; x_wconf 88' lang='lat' dir='ltr'>addixisse</span> <span class='ocrx_word' id='word_1_220' title='bbox 1298 1886 1508 1937; x_wconf 82' lang='lat' dir='ltr'>probabile</span> <span class='ocrx_word' id='word_1_221' title='bbox 1549 1888 1613 1926; x_wconf 90' lang='lat' dir='ltr'>sit.</span> <span class='ocrx_word' id='word_1_222' title='bbox 1674 1900 1772 1927; x_wconf 86' lang='lat' dir='ltr'>caue</span> 
     </span>
     <span class='ocr_line' id='line_1_26' title="bbox 251 1951 1772 2007; baseline 0.005 -20"><span class='ocrx_word' id='word_1_223' title='bbox 251 1957 382 1989; x_wconf 77' lang='lat' dir='ltr'>tamen</span> <span class='ocrx_word' id='word_1_224' title='bbox 411 1951 503 1989; x_wconf 91' lang='lat' dir='ltr'>hinc</span> <span class='ocrx_word' id='word_1_225' title='bbox 528 1951 716 2001; x_wconf 82' lang='lat' dir='ltr'>conligas,</span> <span class='ocrx_word' id='word_1_226' title='bbox 751 1965 811 1991; x_wconf 87' lang='lat' dir='ltr'>me</span> <span class='ocrx_word' id='word_1_227' title='bbox 835 1952 1048 1992; x_wconf 84' lang='lat' dir='ltr'>historicos</span> <span class='ocrx_word' id='word_1_228' title='bbox 1071 1953 1160 1992; x_wconf 91' lang='lat' dir='ltr'>illos</span> <span class='ocrx_word' id='word_1_229' title='bbox 1183 1966 1321 1993; x_wconf 91' lang='lat' dir='ltr'>eorum</span> <span class='ocrx_word' id='word_1_230' title='bbox 1343 1956 1411 2006; x_wconf 89' lang='lat' dir='ltr'>qui</span> <span class='ocrx_word' id='word_1_231' title='bbox 1434 1959 1551 1994; x_wconf 88' lang='lat' dir='ltr'>antea</span> <span class='ocrx_word' id='word_1_232' title='bbox 1573 1956 1772 2007; x_wconf 85' lang='lat' dir='ltr'>scripsere</span> 
     </span>
     <span class='ocr_line' id='line_1_27' title="bbox 250 2017 1773 2073; baseline 0.003 -17"><span class='ocrx_word' id='word_1_233' title='bbox 250 2017 366 2056; x_wconf 84' lang='lat' dir='ltr'>libris</span> <span class='ocrx_word' id='word_1_234' title='bbox 397 2019 541 2069; x_wconf 89' lang='lat' dir='ltr'>spretis</span> <span class='ocrx_word' id='word_1_235' title='bbox 573 2021 703 2058; x_wconf 90' lang='lat' dir='ltr'>omnia</span> <span class='ocrx_word' id='word_1_236' title='bbox 736 2021 897 2070; x_wconf 91' lang='lat' dir='ltr'>proprio</span> <span class='ocrx_word' id='word_1_237' title='bbox 928 2020 1052 2059; x_wconf 84' lang='lat' dir='ltr'>Marte</span> <span class='ocrx_word' id='word_1_238' title='bbox 1084 2023 1331 2061; x_wconf 86' lang='lat' dir='ltr'>examinasse</span> <span class='ocrx_word' id='word_1_239' title='bbox 1372 2028 1410 2060; x_wconf 85' lang='lat' dir='ltr'>et</span> <span class='ocrx_word' id='word_1_240' title='bbox 1449 2022 1676 2073; x_wconf 87' lang='lat' dir='ltr'>explorasse</span> <span class='ocrx_word' id='word_1_241' title='bbox 1708 2035 1773 2061; x_wconf 88' lang='lat' dir='ltr'>ar-</span> 
     </span>
     <span class='ocr_line' id='line_1_28' title="bbox 253 2085 1772 2141; baseline 0.004 -18"><span class='ocrx_word' id='word_1_242' title='bbox 253 2085 406 2124; x_wconf 86' lang='lat' dir='ltr'>bitrari.</span> <span class='ocrx_word' id='word_1_243' title='bbox 473 2087 592 2124; x_wconf 90' lang='lat' dir='ltr'>immo</span> <span class='ocrx_word' id='word_1_244' title='bbox 631 2099 811 2137; x_wconf 75' lang='lat' dir='ltr'>magnam</span> <span class='ocrx_word' id='word_1_245' title='bbox 845 2088 1130 2127; x_wconf 86' lang='lat' dir='ltr'>historicorum</span> <span class='ocrx_word' id='word_1_246' title='bbox 1162 2089 1431 2128; x_wconf 86' lang='lat' dir='ltr'>Romanorum</span> <span class='ocrx_word' id='word_1_247' title='bbox 1474 2095 1627 2141; x_wconf 90' lang='lat' dir='ltr'>partem</span> <span class='ocrx_word' id='word_1_248' title='bbox 1659 2090 1772 2129; x_wconf 83' lang='lat' dir='ltr'>Fabii</span> 
     </span>
     <span class='ocr_line' id='line_1_29' title="bbox 253 2154 1772 2205; baseline 0.005 -15"><span class='ocrx_word' id='word_1_249' title='bbox 253 2154 420 2201; x_wconf 74' lang='lat' dir='ltr'>uestigia</span> <span class='ocrx_word' id='word_1_250' title='bbox 455 2155 647 2204; x_wconf 81' lang='lat' dir='ltr'>pressisse</span> <span class='ocrx_word' id='word_1_251' title='bbox 680 2160 795 2205; x_wconf 84' lang='lat' dir='ltr'>atque</span> <span class='ocrx_word' id='word_1_252' title='bbox 827 2157 912 2194; x_wconf 86' lang='lat' dir='ltr'>eius</span> <span class='ocrx_word' id='word_1_253' title='bbox 946 2155 1068 2195; x_wconf 84' lang='lat' dir='ltr'>uerba</span> <span class='ocrx_word' id='word_1_254' title='bbox 1109 2158 1148 2195; x_wconf 91' lang='lat' dir='ltr'>in</span> <span class='ocrx_word' id='word_1_255' title='bbox 1181 2169 1408 2196; x_wconf 89' lang='lat' dir='ltr'>sermonem</span> <span class='ocrx_word' id='word_1_256' title='bbox 1440 2157 1625 2197; x_wconf 88' lang='lat' dir='ltr'>Latinum</span> <span class='ocrx_word' id='word_1_257' title='bbox 1658 2170 1772 2197; x_wconf 84' lang='lat' dir='ltr'>uersa</span> 
     </span>
     <span class='ocr_line' id='line_1_30' title="bbox 252 2220 1771 2277; baseline 0.005 -20"><span class='ocrx_word' id='word_1_258' title='bbox 252 2227 369 2271; x_wconf 82' lang='lat' dir='ltr'>atque</span> <span class='ocrx_word' id='word_1_259' title='bbox 402 2220 599 2259; x_wconf 73' lang='lat' dir='ltr'>rhetorice</span> <span class='ocrx_word' id='word_1_260' title='bbox 633 2228 818 2260; x_wconf 69' lang='lat' dir='ltr'>exornata</span> <span class='ocrx_word' id='word_1_261' title='bbox 852 2224 890 2261; x_wconf 89' lang='lat' dir='ltr'>in</span> <span class='ocrx_word' id='word_1_262' title='bbox 923 2236 1013 2261; x_wconf 87' lang='lat' dir='ltr'>suos</span> <span class='ocrx_word' id='word_1_263' title='bbox 1046 2224 1207 2263; x_wconf 89' lang='lat' dir='ltr'>annales</span> <span class='ocrx_word' id='word_1_264' title='bbox 1239 2225 1491 2264; x_wconf 83' lang='lat' dir='ltr'>transtulisse</span> <span class='ocrx_word' id='word_1_265' title='bbox 1524 2223 1771 2277; x_wconf 76' lang='lat' dir='ltr'>existiino²):</span> 
     </span>
     <span class='ocr_line' id='line_1_31' title="bbox 254 2287 1773 2344; baseline 0.004 -19"><span class='ocrx_word' id='word_1_266' title='bbox 254 2287 348 2325; x_wconf 92' lang='lat' dir='ltr'>illud</span> <span class='ocrx_word' id='word_1_267' title='bbox 381 2288 482 2332; x_wconf 84' lang='lat' dir='ltr'>dieo,</span> <span class='ocrx_word' id='word_1_268' title='bbox 516 2288 690 2338; x_wconf 72' lang='lat' dir='ltr'>Dionysii</span> <span class='ocrx_word' id='word_1_269' title='bbox 724 2292 962 2328; x_wconf 86' lang='lat' dir='ltr'>sententiam</span> <span class='ocrx_word' id='word_1_270' title='bbox 996 2291 1139 2329; x_wconf 87' lang='lat' dir='ltr'>leuiter</span> <span class='ocrx_word' id='word_1_271' title='bbox 1171 2297 1210 2330; x_wconf 87' lang='lat' dir='ltr'>ct</span> <span class='ocrx_word' id='word_1_272' title='bbox 1242 2298 1391 2331; x_wconf 88' lang='lat' dir='ltr'>temere</span> <span class='ocrx_word' id='word_1_273' title='bbox 1425 2292 1515 2331; x_wconf 88' lang='lat' dir='ltr'>inde</span> <span class='ocrx_word' id='word_1_274' title='bbox 1539 2299 1773 2344; x_wconf 88' lang='lat' dir='ltr'>conceptam</span> 
     </span>
     <span class='ocr_line' id='line_1_32' title="bbox 253 2355 1772 2409; baseline 0.006 -18"><span class='ocrx_word' id='word_1_275' title='bbox 253 2368 349 2399; x_wconf 73' lang='lat' dir='ltr'>esse,</span> <span class='ocrx_word' id='word_1_276' title='bbox 383 2355 486 2406; x_wconf 77' lang='lat' dir='ltr'>quod</span> <span class='ocrx_word' id='word_1_277' title='bbox 518 2357 735 2406; x_wconf 76' lang='lat' dir='ltr'>scriptores</span> <span class='ocrx_word' id='word_1_278' title='bbox 769 2357 857 2394; x_wconf 86' lang='lat' dir='ltr'>illos</span> <span class='ocrx_word' id='word_1_279' title='bbox 890 2359 928 2396; x_wconf 91' lang='lat' dir='ltr'>in</span> <span class='ocrx_word' id='word_1_280' title='bbox 962 2358 1146 2409; x_wconf 88' lang='lat' dir='ltr'>plurimis</span> <span class='ocrx_word' id='word_1_281' title='bbox 1179 2358 1300 2397; x_wconf 88' lang='lat' dir='ltr'>rebus</span> <span class='ocrx_word' id='word_1_282' title='bbox 1339 2361 1567 2399; x_wconf 87' lang='lat' dir='ltr'>consentire</span> <span class='ocrx_word' id='word_1_283' title='bbox 1600 2360 1772 2405; x_wconf 84' lang='lat' dir='ltr'>uiderat,</span> 
     </span>
    </p>
   </div>
   <div class='ocr_carea' id='block_1_3' title="bbox 252 2512 1775 2950">
    <p class='ocr_par' dir='ltr' id='par_1_4' title="bbox 252 2512 1775 2713">
     <span class='ocr_line' id='line_1_33' title="bbox 252 2512 1774 2556; baseline 0.005 -14"><span class='ocrx_word' id='word_1_284' title='bbox 252 2513 305 2544; x_wconf 81' lang='lat' dir='ltr'>ita</span> <span class='ocrx_word' id='word_1_285' title='bbox 331 2512 553 2543; x_wconf 87' lang='lat' dir='ltr'>conueniunt</span> <span class='ocrx_word' id='word_1_286' title='bbox 579 2522 658 2543; x_wconf 83' lang='lat' dir='ltr'>cum</span> <span class='ocrx_word' id='word_1_287' title='bbox 684 2512 762 2544; x_wconf 84' lang='lat' dir='ltr'>eius</span> <span class='ocrx_word' id='word_1_288' title='bbox 788 2513 929 2545; x_wconf 83' lang='lat' dir='ltr'>ratione</span> <span class='ocrx_word' id='word_1_289' title='bbox 955 2516 992 2545; x_wconf 83' lang='lat' dir='ltr'>et</span> <span class='ocrx_word' id='word_1_290' title='bbox 1018 2514 1184 2554; x_wconf 84' lang='lat' dir='ltr'>consilio,</span> <span class='ocrx_word' id='word_1_291' title='bbox 1212 2524 1279 2556; x_wconf 88' lang='lat' dir='ltr'>quo</span> <span class='ocrx_word' id='word_1_292' title='bbox 1306 2525 1364 2547; x_wconf 85' lang='lat' dir='ltr'>res</span> <span class='ocrx_word' id='word_1_293' title='bbox 1391 2516 1553 2548; x_wconf 78' lang='lat' dir='ltr'>Graecas</span> <span class='ocrx_word' id='word_1_294' title='bbox 1579 2520 1616 2549; x_wconf 88' lang='lat' dir='ltr'>et</span> <span class='ocrx_word' id='word_1_295' title='bbox 1642 2517 1774 2550; x_wconf 78' lang='lat' dir='ltr'>Roma-</span> 
     </span>
     <span class='ocr_line' id='line_1_34' title="bbox 254 2567 1775 2612; baseline 0.004 -12"><span class='ocrx_word' id='word_1_296' title='bbox 254 2579 319 2600; x_wconf 78' lang='lat' dir='ltr'>nas</span> <span class='ocrx_word' id='word_1_297' title='bbox 345 2569 556 2600; x_wconf 80' lang='lat' dir='ltr'>consociare</span> <span class='ocrx_word' id='word_1_298' title='bbox 582 2567 767 2608; x_wconf 76' lang='lat' dir='ltr'>studebat,</span> <span class='ocrx_word' id='word_1_299' title='bbox 794 2572 834 2600; x_wconf 84' lang='lat' dir='ltr'>ut</span> <span class='ocrx_word' id='word_1_300' title='bbox 861 2580 903 2601; x_wconf 86' lang='lat' dir='ltr'>ex</span> <span class='ocrx_word' id='word_1_301' title='bbox 930 2570 1080 2611; x_wconf 80' lang='lat' dir='ltr'>antiquo</span> <span class='ocrx_word' id='word_1_302' title='bbox 1107 2571 1232 2612; x_wconf 87' lang='lat' dir='ltr'>aliquo</span> <span class='ocrx_word' id='word_1_303' title='bbox 1259 2571 1359 2603; x_wconf 87' lang='lat' dir='ltr'>fonte</span> <span class='ocrx_word' id='word_1_304' title='bbox 1391 2571 1455 2603; x_wconf 85' lang='lat' dir='ltr'>illa</span> <span class='ocrx_word' id='word_1_305' title='bbox 1487 2572 1603 2605; x_wconf 82' lang='lat' dir='ltr'>uerba</span> <span class='ocrx_word' id='word_1_306' title='bbox 1627 2574 1775 2607; x_wconf 85' lang='lat' dir='ltr'>fluxisse</span> 
     </span>
     <span class='ocr_line' id='line_1_35' title="bbox 253 2624 1775 2673; baseline 0.004 -16"><span class='ocrx_word' id='word_1_307' title='bbox 253 2624 486 2658; x_wconf 77' lang='lat' dir='ltr'>statuendum</span> <span class='ocrx_word' id='word_1_308' title='bbox 512 2625 570 2657; x_wconf 82' lang='lat' dir='ltr'>sit.</span> <span class='ocrx_word' id='word_1_309' title='bbox 620 2628 781 2656; x_wconf 84' lang='lat' dir='ltr'>ceterum</span> <span class='ocrx_word' id='word_1_310' title='bbox 807 2635 900 2666; x_wconf 83' lang='lat' dir='ltr'>quae</span> <span class='ocrx_word' id='word_1_311' title='bbox 921 2624 964 2656; x_wconf 84' lang='lat' dir='ltr'>de</span> <span class='ocrx_word' id='word_1_312' title='bbox 983 2636 1021 2657; x_wconf 87' lang='lat' dir='ltr'>re</span> <span class='ocrx_word' id='word_1_313' title='bbox 1040 2625 1204 2667; x_wconf 75' lang='lat' dir='ltr'>indagari</span> <span class='ocrx_word' id='word_1_314' title='bbox 1224 2630 1404 2669; x_wconf 77' lang='lat' dir='ltr'>poterant,</span> <span class='ocrx_word' id='word_1_315' title='bbox 1432 2629 1622 2670; x_wconf 85' lang='lat' dir='ltr'>proposuit</span> <span class='ocrx_word' id='word_1_316' title='bbox 1647 2630 1775 2673; x_wconf 86' lang='lat' dir='ltr'>Haupt</span> 
     </span>
     <span class='ocr_line' id='line_1_36' title="bbox 253 2681 328 2713; baseline 0.013 -1"><span class='ocrx_word' id='word_1_317' title='bbox 253 2681 274 2713; x_wconf 94' lang='lat' dir='ltr'>l.</span> <span class='ocrx_word' id='word_1_318' title='bbox 301 2692 328 2713; x_wconf 82' lang='lat' dir='ltr'>s.</span> 
     </span>
    </p>

    <p class='ocr_par' dir='ltr' id='par_1_5' title="bbox 255 2737 1775 2839">
     <span class='ocr_line' id='line_1_37' title="bbox 346 2737 1775 2788; baseline 0.006 -19"><span class='ocrx_word' id='word_1_319' title='bbox 346 2737 371 2777; x_wconf 90' lang='lat'>¹)</span> <span class='ocrx_word' id='word_1_320' title='bbox 397 2737 502 2779; x_wconf 80' lang='lat' dir='ltr'>Apud</span> <span class='ocrx_word' id='word_1_321' title='bbox 528 2738 724 2770; x_wconf 84' lang='lat' dir='ltr'>Arnobium</span> <span class='ocrx_word' id='word_1_322' title='bbox 757 2737 912 2769; x_wconf 87' lang='lat' dir='ltr'>omnium</span> <span class='ocrx_word' id='word_1_323' title='bbox 944 2741 1128 2769; x_wconf 86' lang='lat' dir='ltr'>auctorum</span> <span class='ocrx_word' id='word_1_324' title='bbox 1162 2739 1222 2781; x_wconf 89' lang='lat' dir='ltr'>qui</span> <span class='ocrx_word' id='word_1_325' title='bbox 1254 2740 1469 2773; x_wconf 83' lang='lat' dir='ltr'>adferuntur</span> <span class='ocrx_word' id='word_1_326' title='bbox 1500 2742 1586 2775; x_wconf 86' lang='lat' dir='ltr'>ordo</span> <span class='ocrx_word' id='word_1_327' title='bbox 1617 2744 1672 2776; x_wconf 79' lang='lat' dir='ltr'>ita</span> <span class='ocrx_word' id='word_1_328' title='bbox 1697 2756 1775 2788; x_wconf 85' lang='lat' dir='ltr'>per-</span> 
     </span>
     <span class='ocr_line' id='line_1_38' title="bbox 255 2793 1712 2839; baseline 0.005 -15"><span class='ocrx_word' id='word_1_329' title='bbox 255 2794 424 2825; x_wconf 80' lang='lat' dir='ltr'>turbatus</span> <span class='ocrx_word' id='word_1_330' title='bbox 451 2797 516 2833; x_wconf 81' lang='lat' dir='ltr'>est,</span> <span class='ocrx_word' id='word_1_331' title='bbox 543 2797 584 2825; x_wconf 87' lang='lat' dir='ltr'>ut</span> <span class='ocrx_word' id='word_1_332' title='bbox 609 2793 700 2825; x_wconf 88' lang='lat' dir='ltr'>nihil</span> <span class='ocrx_word' id='word_1_333' title='bbox 728 2793 842 2825; x_wconf 81' lang='lat' dir='ltr'>faciat</span> <span class='ocrx_word' id='word_1_334' title='bbox 868 2798 997 2826; x_wconf 83' lang='lat' dir='ltr'>eontra</span> <span class='ocrx_word' id='word_1_335' title='bbox 1022 2805 1098 2834; x_wconf 85' lang='lat' dir='ltr'>nos,</span> <span class='ocrx_word' id='word_1_336' title='bbox 1126 2795 1219 2836; x_wconf 85' lang='lat' dir='ltr'>qnod</span> <span class='ocrx_word' id='word_1_337' title='bbox 1246 2796 1381 2829; x_wconf 82' lang='lat' dir='ltr'>Fabius</span> <span class='ocrx_word' id='word_1_338' title='bbox 1407 2807 1539 2839; x_wconf 82' lang='lat' dir='ltr'>agmen</span> <span class='ocrx_word' id='word_1_339' title='bbox 1564 2798 1712 2832; x_wconf 85' lang='lat' dir='ltr'>claudit.</span> 
     </span>
    </p>

    <p class='ocr_par' dir='ltr' id='par_1_6' title="bbox 258 2848 1774 2950">
     <span class='ocr_line' id='line_1_39' title="bbox 344 2848 1774 2892; baseline 0.006 -12"><span class='ocrx_word' id='word_1_340' title='bbox 344 2848 370 2889; x_wconf 87' lang='lat'>²)</span> <span class='ocrx_word' id='word_1_341' title='bbox 398 2848 559 2881; x_wconf 86' lang='lat' dir='ltr'>Coelium</span> <span class='ocrx_word' id='word_1_342' title='bbox 586 2849 693 2881; x_wconf 81' lang='lat' dir='ltr'>Fabii</span> <span class='ocrx_word' id='word_1_343' title='bbox 721 2850 763 2882; x_wconf 87' lang='lat' dir='ltr'>de</span> <span class='ocrx_word' id='word_1_344' title='bbox 791 2851 914 2892; x_wconf 84' lang='lat' dir='ltr'>primis</span> <span class='ocrx_word' id='word_1_345' title='bbox 945 2849 1030 2883; x_wconf 89' lang='lat' dir='ltr'>belli</span> <span class='ocrx_word' id='word_1_346' title='bbox 1062 2851 1299 2883; x_wconf 82' lang='lat' dir='ltr'>Hannibalici</span> <span class='ocrx_word' id='word_1_347' title='bbox 1332 2854 1438 2885; x_wconf 84' lang='lat' dir='ltr'>annis</span> <span class='ocrx_word' id='word_1_348' title='bbox 1471 2855 1693 2887; x_wconf 84' lang='lat' dir='ltr'>sententiam</span> <span class='ocrx_word' id='word_1_349' title='bbox 1720 2866 1774 2889; x_wconf 88' lang='lat' dir='ltr'>se-</span> 
     </span>
     <span class='ocr_line' id='line_1_40' title="bbox 258 2905 1535 2950; baseline 0.005 -15"><span class='ocrx_word' id='word_1_350' title='bbox 258 2908 376 2935; x_wconf 84' lang='lat' dir='ltr'>cutum</span> <span class='ocrx_word' id='word_1_351' title='bbox 406 2915 485 2937; x_wconf 77' lang='lat' dir='ltr'>esse</span> <span class='ocrx_word' id='word_1_352' title='bbox 512 2905 642 2945; x_wconf 84' lang='lat' dir='ltr'>uideri,</span> <span class='ocrx_word' id='word_1_353' title='bbox 670 2906 779 2946; x_wconf 81' lang='lat' dir='ltr'>infra,</span> <span class='ocrx_word' id='word_1_354' title='bbox 806 2907 868 2938; x_wconf 85' lang='lat' dir='ltr'>ubi</span> <span class='ocrx_word' id='word_1_355' title='bbox 895 2906 936 2938; x_wconf 85' lang='lat' dir='ltr'>de</span> <span class='ocrx_word' id='word_1_356' title='bbox 965 2906 1090 2939; x_wconf 89' lang='lat' dir='ltr'>Coelio</span> <span class='ocrx_word' id='word_1_357' title='bbox 1115 2917 1276 2949; x_wconf 81' lang='lat' dir='ltr'>agemus,</span> <span class='ocrx_word' id='word_1_358' title='bbox 1303 2919 1535 2950; x_wconf 83' lang='lat' dir='ltr'>exponemus.</span> 
     </span>
    </p>
   </div>
  </div>
 </body>
</html>
