1884 3213
607 192 647 224 C.
674 192 889 226 LICINIVS
920 192 1086 224 MACER
1487 200 1617 230 CCCLl

92 307 340 359 persuadeat.
390 307 516 356 magis
548 308 653 344 enini
686 308 841 345 incerta
873 310 910 344 et
942 304 1094 344 lubrica
1127 310 1186 343 est
1217 317 1300 349 res,
1333 317 1449 356 (piam
1481 306 1520 343 in
1544 318 1618 356 qua

93 377 192 414 certi
225 374 371 425 aliquid
407 378 615 419 statuatur,
657 375 731 412 etsi
762 373 875 412 facile
909 373 1103 418 concedo,
1144 372 1268 411 multo
1310 372 1491 423 pluribus
1523 373 1620 411 locis

93 455 114 481 a
135 442 324 493 Dionysio
361 441 557 480 Licinium
580 441 754 480 Macrum
786 446 1016 492 excerptum
1048 453 1133 480 esse
1165 452 1280 492 quam
1312 452 1418 479 nunc
1441 440 1618 490 dignosci

94 515 234 562 potest.

206 577 263 616 Ex
295 578 353 616 eis
384 575 671 628 scriptoribus,
706 576 773 627 qui
803 576 993 615 Hadriani
1025 580 1150 614 aetate
1183 575 1253 613 hos
1286 575 1468 625 antiquos
1499 574 1621 614 bisto-

93 647 198 684 ricos
226 645 340 683 Liuio
371 644 566 695 praelatos
597 643 828 682 lectitabant
861 648 900 682 et
922 642 1191 694 excerpebant
1212 642 1497 693 thesaurosque
1530 655 1621 681 suos

97 713 143 752 ad
176 718 351 751 nostram
386 717 552 751 aetatem
585 723 877 762 propagmmre,
919 722 1033 749 nemo
1066 710 1260 749 Licinium
1292 710 1480 748 laudauit.
1532 723 1620 749 nam

93 782 161 832 qui
200 785 359 830 praeter
400 779 557 817 Liuium
597 784 634 817 et
673 778 905 830 Dionysium
950 780 1035 817 eius
1080 779 1298 828 fragmenta
1344 782 1619 822 seruauerunt,

95 860 231 887 omnes
261 846 384 886 multo
423 852 510 897 post
553 846 640 885 illos
678 848 804 885 fuere.
856 847 951 897 quin
992 847 1112 884 etiam
1150 858 1272 884 unum
1312 858 1359 884 ex
1390 846 1452 884 liis
1485 844 1546 896 (fr.
1579 843 1618 897 2>

96 916 210 954 etiam
249 916 289 953 in
328 914 487 954 Malalae
527 913 670 958 libros,
710 914 813 953 unde
852 915 892 951 in
936 913 1151 952 chronicon
1189 913 1375 952 Paschale
1416 919 1621 964 receptum

97 988 157 1022 est
190 981 284 1033 (uid.
318 982 435 1034 adn),
471 982 662 1026 manauit,
696 984 748 1020 ita
780 986 910 1020 tamen
943 987 1004 1025 ut,
1037 981 1182 1032 quibus
1213 981 1356 1020 riuulis
1388 982 1620 1025 manauerit,

97 1053 206 1089 cerni
239 1055 421 1101 nequeat.
483 1055 614 1088 cetera
648 1050 866 1099 fragmenta
897 1049 1020 1087 babes
1059 1049 1160 1100 apud
1194 1049 1477 1088 Diomedem
1518 1047 1620 1099 (adn.

96 1118 143 1156 ad
176 1119 224 1156 fr.
257 1115 346 1169 22),
386 1117 698 1156 Priscianum
741 1116 804 1167 (fr.
839 1115 875 1155 7.
907 1114 974 1154 20.
1007 1114 1074 1154 22.
1114 1113 1246 1168 26>Ῑ),
1288 1116 1498 1154 Nonium
1541 1114 1620 1166 (21.

96 1182 163 1223 23.
196 1183 263 1223 24.
286 1183 376 1235 25),
410 1197 509 1236 quae
539 1186 673 1223 nescio
705 1196 752 1222 an
785 1183 1003 1222 debeantur
1035 1186 1404 1234 grammaticorum,
1437 1186 1504 1235 qui
1536 1190 1625 1235 post

97 1252 269 1291 Probum
311 1252 512 1304 Berytium
550 1252 739 1303 exemplis
778 1264 823 1290 ex
863 1252 1034 1290 diuersis
1071 1251 1332 1302 scriptoribus
1378 1252 1623 1301 conligendis

99 1331 258 1370 operam
292 1319 454 1364 dedere,
488 1320 718 1370 diligentiae
750 1323 789 1357 et
820 1319 1069 1364 adsiduitati,
1103 1319 1274 1370 denique
1307 1318 1409 1370 apud
1442 1319 1622 1357 Censo-

98 1389 263 1426 rinum
288 1385 339 1439 (3)
364 1393 402 1426 et
431 1386 626 1426 Macrob
642 1388 736 1425 ium
770 1385 821 1435 (1.
844 1384 904 1436 4‘1,
938 1388 1005 1437 qui
1028 1387 1083 1425 eis
1105 1386 1223 1431 locis,
1258 1385 1325 1425 ubi
1348 1388 1496 1425 inserta
1518 1392 1621 1431 sunt,

98 1455 273 1494 Varrone
305 1455 493 1494 uidentur
524 1456 585 1493 usi
616 1466 714 1492 esse.

210 1523 388 1574 Denique
421 1535 468 1561 ne
501 1522 773 1572 neglegentiae
806 1533 877 1560 nos
908 1520 1132 1565 insimules,
1171 1521 1245 1559 hoc
1286 1534 1426 1560 moneo
1458 1522 1623 1561 consilio

99 1603 118 1628 e
151 1602 316 1628 numero
348 1591 682 1640 fragiiientomlm,
716 1600 816 1640 quae
846 1587 969 1627 habes
992 1589 1094 1640 apud
1117 1588 1330 1628 Krausium
1362 1594 1400 1627 et
1421 1588 1622 1634 Romium,

99 1657 299 1709 explosum
332 1669 418 1696 esse
449 1657 566 1702 hoce,
607 1656 710 1708 quod
743 1661 803 1694 est
834 1656 936 1707 apud
969 1655 1147 1695 Solinum
1182 1655 1229 1707 (c.
1260 1654 1304 1701 2,
1341 1654 1426 1707 12);
1470 1658 1624 1696 Licinio

93 1726 231 1773 placet
260 1735 284 1762 a
310 1725 492 1774 Messapo
515 1726 667 1763 Graeco
690 1724 916 1771 Messapiae
937 1724 1074 1762 datam
1096 1725 1301 1773 oriqincm,
1338 1736 1492 1763 uersam
1514 1730 1624 1774 pos(-

98 1792 253 1830 modam
284 1793 324 1830 in
355 1803 495 1830 nomen
518 1792 729 1830 Calabriae
759 1802 876 1839 qaam
907 1793 947 1829 in
978 1793 1144 1830 earordio
1171 1792 1334 1831 Oenolri
1358 1792 1495 1838 frater
1525 1794 1624 1831 Pea-

99 1861 223 1898 cetius
246 1860 472 1898 Peucetiam
504 1861 796 1898 nominauerat.
841 1858 909 1897 ubi
941 1859 987 1897 de
1020 1861 1179 1897 nomine
1201 1860 1375 1898 auctoris
1405 1859 1475 1899 has
1506 1860 1624 1898 adno-

99 1928 199 1966 tauit
238 1926 524 1978 discrepantias
561 1926 798 1965 Mommsen:
856 1927 1083 1965 ‘Liciniano
1120 1925 1217 1965 L‘2G
1248 1927 1277 1965 Β
1300 1926 1342 1965 Ρ.
1381 1928 1528 1966 liciano
1558 1925 1624 1965 L2.

102 1995 327 2033 Luciniano
365 1995 408 2036 A.
448 1994 662 2033 Latiniano
700 1994 737 2032 S.
778 1995 925 2032 lacinio
964 1994 1028 2032 H.'
1106 1994 1252 2043 quibus
1298 1995 1479 2046 heptadis
1522 1995 1624 2034 Bon-

105 2063 240 2100 nensis
272 2063 405 2112 opinio
436 2064 586 2101 firmari
620 2062 802 2101 uideatur
834 2062 871 2099 in
902 2061 1037 2100 Granii
1068 2061 1266 2100 Liciniani
1298 2062 1530 2112 fragmentis
1560 2062 1624 2100 illa

103 2128 228 2167 uerba
259 2130 443 2180 ponentis
476 2128 525 2181 (p.
548 2128 631 2182 47).
674 2134 712 2168 at
742 2128 905 2167 eandem
938 2140 1022 2167 rem
1053 2128 1175 2167 babes
1197 2130 1415 2181 expositam
1447 2130 1487 2167 in
1509 2129 1624 2168 Plinii

101 2196 475 2235 naturali'historia
508 2197 560 2235 III
591 2194 664 2235 99:
713 2197 858 2235 Graeci
887 2196 1128 2245 Messapiam
1167 2208 1191 2234 a
1231 2197 1332 2236 duce
1368 2198 1627 2246 appellavere

101 2268 137 2302 et
167 2268 259 2302 ante
291 2264 517 2303 Peucetiam
550 2275 575 2302 a
606 2265 786 2303 Peucetio
819 2263 978 2302 Oenolri
1009 2263 1148 2309 fratre
1186 2265 1226 2302 in
1256 2264 1475 2302 Sallentino
1513 2275 1624 2312 affro.

103 2331 215 2369 uides
245 2332 369 2381 igitur
401 2343 447 2369 ex
470 2343 513 2370 ea
535 2343 633 2382 quae
656 2331 869 2370 intercedit
899 2332 1004 2369 inter
1026 2330 1195 2369 Plinium
1227 2336 1264 2369 et
1286 2330 1463 2369 Solinum
1485 2342 1625 2381 cogna-

104 2397 227 2443 tione,
262 2397 428 2435 eundem
452 2403 653 2437 auctorem
686 2410 772 2437 esse
804 2398 1046 2449 descriptum
1078 2410 1098 2436 a
1127 2398 1256 2437 Plinio
1287 2410 1404 2449 quem
1436 2412 1456 2437 a
1479 2396 1624 2436 Solino.

107 2466 145 2503 in
168 2465 288 2503 Plinii
321 2470 452 2503 autem
475 2464 703 2504 auctoribus
734 2478 811 2504 non
843 2466 1045 2504 inuenitur
1069 2465 1238 2505 Granius
1260 2465 1503 2509 Licinianus,
1537 2477 1626 2512 con,-

107 2537 167 2570 tra
200 2533 431 2583 saepissime
462 2531 511 2570 ab
544 2544 590 2570 eo
630 2538 688 2571 est
718 2532 920 2572 adhibitus
950 2531 1127 2572 Licinius
1157 2533 1377 2577 Mucianus,
1417 2532 1532 2570 modo
1572 2533 1628 2570 sic

196 2654 220 2696 ¹)
246 2655 417 2687 Liebaldt
442 2665 475 2696 p.
503 2655 544 2686 14
577 2654 685 2686 etiam
717 2654 827 2686 alium
852 2654 990 2698 locum,
1024 2658 1063 2687 ut
1095 2655 1332 2696 opinabatur,
1369 2664 1410 2686 ex
1435 2654 1626 2686 Prisciano

107 2711 235 2743 citauit
260 2709 292 2753 (Ι
317 2722 351 2753 p.
376 2711 441 2743 545
466 2711 506 2742 P.
535 2711 575 2742 13
600 2710 681 2751 H.):
718 2711 917 2743 Auctoritas
943 2722 1070 2754 quoque
1103 2716 1169 2742 tam
1200 2711 1368 2742 Varronis
1393 2720 1489 2751 quam
1514 2710 1630 2742 Macri

107 2772 190 2799 teste
214 2766 401 2799 Censorino
431 2775 492 2798 nec
522 2764 543 2796 k
574 2776 634 2797 nec
666 2778 686 2808 q
717 2777 778 2798 nec
803 2767 823 2798 lz
846 2768 880 2798 in
906 2777 1039 2799 numero
1065 2765 1200 2798 (adhibet
1225 2767 1407 2797 literarum.
1449 2766 1480 2797 is
1505 2768 1628 2798 tamen

106 2832 177 2854 non
203 2826 258 2854 est
282 2822 449 2854 Licinius
475 2821 538 2853 sed
556 2821 753 2863 Pompeius
779 2822 921 2864 Macer,
948 2823 1028 2854 ‘eui
1056 2821 1275 2853 ordinandas
1298 2820 1543 2853 bibliothecas
1570 2821 1628 2853 de-

107 2877 321 2919 legauerat'
348 2877 535 2920 Augustus
560 2876 725 2917 (Sueton.
753 2877 858 2912 Caes.
878 2877 948 2920 56).
999 2878 1046 2909 cf.
1071 2878 1184 2909 Hertz
1213 2888 1244 2911 a.
1270 2877 1303 2908 h.
1333 2877 1356 2908 1.
