1884 3213
259 211 405 241 XXXVI
773 195 1178 230 PROLEGOMENON
1203 196 1238 227 11

261 317 378 353 etiam
413 314 560 352 librum
583 313 630 349 de
654 314 740 349 eius
762 312 922 361 generis
954 310 1118 349 familiis
1150 310 1327 359 scripsit,
1360 314 1403 346 ut
1425 309 1479 346 ait
1501 307 1656 347 Plinius
1678 320 1715 346 n.
1739 308 1777 346 h.
1816 299 1818 301 ⁵

261 381 394 420 XXXV
434 378 478 419 8:
527 379 676 418 Similis
713 389 837 418 eausa
877 378 1080 417 Messalae
1117 379 1203 415 seni
1247 377 1443 425 expressit
1478 377 1679 415 uolumina
1710 377 1780 414 illa

259 460 362 497 quae
400 449 448 485 de
480 447 652 494 familiis
681 447 883 495 condidit,
922 457 1012 484 cnm
1051 445 1249 494 Scipionis
1280 444 1545 493 Pomponiani
1572 445 1781 482 transisset

259 518 403 554 atrium
450 516 689 564 vidissetque
731 515 950 563 adoptione
993 514 1292 551 testamentaria
1339 510 1575 550 Saluittonis
1616 535 1671 538 —
1708 512 1781 550 hoc

257 586 357 622 enim
384 583 527 630 fuerat
556 593 768 630 coquomen
799 605 853 609 —
883 580 1175 623 Africanorum
1206 580 1395 618 dedecori
1422 581 1664 629 inrepentem
1696 578 1780 618 Sci-

256 654 415 700 pinnum
448 652 609 689 nomini.
671 652 721 688 rt'.
754 648 934 687 xxxilll
971 646 1061 687 137.
1114 649 1246 686 wiese
1279 648 1325 685 de
1357 647 1510 686 Messal.
1543 660 1581 698 p.
1613 644 1680 685 46.
1715 644 1780 685 74.

372 730 503 780 Neque
537 731 683 767 iniuria
706 729 754 767 ab
785 729 847 767 liis
877 727 1147 779 scriptoribus
1170 728 1263 766 liaee
1288 727 1588 765 mendaciorum
1611 727 1780 765 erimina

260 801 297 836 111
333 798 573 836 131111113111111
607 798 873 835 110013113111111
905 795 1130 834 nobilitatis
1162 795 1364 845 augendae
1387 794 1561 833 studium
1595 799 1780 843 congesta

259 880 343 903 1-551·
375 868 494 904 1·113111
527 878 630 903 1111111·
664 865 781 903 l'aeile
815 863 1010 902 uidemus,
1065 868 1181 914 atquo
1213 863 1260 901 de
1284 864 1342 901 eis
1373 863 1546 914 quidem,
1579 874 1679 914 quae.
1710 862 1780 901 Fa-

262 934 317 972 bii
350 940 383 972 1·1
419 933 563 971 Valerii
598 933 644 970 de
677 932 887 981 gentilium
926 943 1089 970 suorum
1129 933 1246 970 saetis
1285 930 1590 982 praedicatiore,
1632 934 1780 981 postea.

260 1002 327 1039 11111
361 1001 407 1038 111·
431 1013 566 1039 earum
597 1001 776 1050 gentium
799 999 1067 1050 scriptoribus
1089 999 1177 1038 data
1201 1011 1320 1050 opera
1343 998 1649 1049 disputabimus,
1682 1009 1782 1048 quae

257 1069 424 1107 «licenda
456 1074 559 1112 sunt,
593 1068 831 1106 adferemus.
893 1079 999 1105 nuno
1031 1068 1181 1105 mentio
1204 1068 1269 1105 fiat
1293 1066 1332 1105 C.
1353 1065 1474 1104 Mucii
1497 1065 1618 1109 illius,
1651 1077 1781 1116 quem,

258 1149 346 1175 cum
380 1142 482 1174 esset
513 1137 683 1187 patricio
723 1147 869 1185 genere
915 1140 1052 1178 natus,
1100 1134 1256 1185 plebeia
1301 1134 1521 1172 Muciorum
1562 1144 1659 1183 gens
1703 1132 1782 1171 sibi

259 1204 493 1247 uiiidirauit,
528 1205 605 1244 eui,
640 1209 679 1241 ut
714 1216 828 1241 suum
850 1202 1067 1241 Scaeuolae
1091 1214 1312 1251 cognomen
1345 1203 1691 1252 interpretaretur,
1725 1200 1781 1239 sa-

258 1272 391 1310 bulam
425 1272 530 1310 illam
573 1284 711 1309 manus
750 1276 875 1308 tostae
922 1271 1187 1320 excogitatam
1232 1271 1451 1320 inputauit,
1499 1281 1600 1319 quae
1647 1273 1783 1318 postea

257 1354 275 1376 a
309 1339 422 1377 Liuio
455 1339 614 1389 quidem
646 1340 731 1376 51111·
772 1337 1022 1376 dubitatione
1064 1342 1224 1388 recepta
1263 1342 1321 1375 est
1363 1335 1458 1386 (uid.
1491 1335 1720 1385 Sohwegler
1749 1335 1781 1373 11

258 1420 293 1457 11.
330 1404 407 1445 183
439 1419 526 1457 sq.=,
559 1406 601 1443 L.
636 1406 740 1444 Iunii
770 1404 897 1450 Bruti,
932 1406 1026 1443 item
1058 1406 1231 1455 patricio
1263 1416 1409 1455 genere
1442 1404 1536 1447 nati,
1570 1404 1684 1441 cuius
1714 1416 1781 1454 pa-

258 1476 357 1512 triae
390 1473 582 1512 liberatae
617 1473 786 1517 laudem,
820 1485 1058 1524 quamquam
1091 1472 1277 1511 omnibus
1299 1471 1439 1510 liberis
1461 1470 1625 1509 orbatus
1646 1470 1782 1509 deces-

257 1539 414 1593 seratl„
448 1554 547 1592 quae
580 1546 715 1592 postea
749 1542 884 1578 lloruit
915 1552 1011 1591 gens
1042 1539 1250 1579 Iuniorum
1281 1539 1438 1591 plebeia
1470 1540 1606 1577 neseio
1637 1537 1783 1589 quibus

258 1610 480 1647 conmentis
513 1608 704 1659 adripuit,
738 1608 1046 1659 Calpurniorum
1079 1609 1209 1657 gentis
1239 1606 1435 1658 plebeiae,
1469 1619 1568 1658 quae
1601 1619 1622 1644 a
1649 1605 1780 1657 Calpo,

258 1677 404 1714 Numae
446 1676 631 1727 Pompilii
664 1676 768 1719 11110,
803 1688 843 1714 se
884 1680 1011 1713 ortam
1053 1687 1138 1713 esse
1178 1675 1301 1713 uellet
1333 1680 1449 1726 atque
1482 1674 1603 1712 etiam
1634 1673 1782 1712 Numae

260 1746 431 1794 imagine,
478 1756 620 1781 numos
665 1756 757 1781 suos
802 1749 964 1781 ornaret
1009 1742 1226 1792 (Drumann
1265 1742 1299 1781 ΙΙ
1338 1755 1376 1793 11.
1416 1737 1499 1793 59).
1571 1741 1637 1779 sed
1685 1741 1781 1779 haee

258 1811 434 1862 exei'npla
470 1812 588 1849 unius
620 1812 823 1849 fictionum
856 1812 1018 1861 generis
1047 1812 1261 1851 sufficiant.
1295 1809 1590 1861 111111111511111113
1614 1810 1782 1847 ueritate

258 1885 395 1923 gentes
427 1878 653 1917 l'amiliaeue
684 1879 885 1917 Romanae
918 1878 1070 1917 fraudis
1111 1879 1332 1917 stemmatis
1373 1877 1517 1915 inlatae
1559 1877 1782 1915 manufesto

259 1952 539 1995 coarguantur.
604 1952 794 1996 quantum
828 1959 924 1985 uero
965 1945 1130 1985 eandem
1171 1945 1381 1984 libidinem
1422 1946 1463 1982 in
1504 1946 1602 1982 actis
1641 1945 1780 1982 trium-

261 2012 483 2063 1111311111152,
519 2019 551 2050 01
589 2015 628 2050 in
662 2015 773 2051 l'astis
805 2014 1097 2055 consularibus,
1133 2015 1171 2051 in
1204 2012 1350 2064 1111111115
1381 2024 1486 2050 nuno
1508 2013 1642 2050 minus
1672 2017 1782 2050 certo

259 2082 344 2117 eius
377 2081 542 2129 uestigia
575 2082 852 2131 perspirimus,
886 2087 1102 2131 grassatam
1136 2093 1221 2119 osse
1256 2077 1433 2131 putasl'3)

353 2248 376 2289 ¹)
404 2248 555 2288 Dionys.
582 2249 612 2279 V
642 2249 681 2280 18
707 2243 846 2290 γενεάν
871 2242 958 2281 οὔτε
985 2242 1130 2291 ἆρῤενα
1155 2244 1380 2280 καταλιπών
1406 2242 1492 2280 οὔτε
1523 2244 1703 2290 θήλειαν,
1733 2241 1782 2285 ὡς

261 2299 299 2334 οἷ
323 2298 367 2334 τά
389 2298 584 2344 Ῥωμαίων
609 2301 830 2344 σαφέστατα
856 2298 1078 2347 ἐξητακότες
1109 2299 1312 2348 γράφουσι.
1363 2304 1409 2336 ef.
1437 2304 1625 2336 Drumann
1649 2302 1722 2335 IIII
1749 2313 1782 2344 p-

258 2360 278 2390 2
305 2368 357 2400 sq.
394 2358 600 2400 Sehwegler
625 2360 641 2390 Ι
667 2370 699 2400 p.
727 2360 802 2394 786,

350 2424 377 2465 ²)
404 2425 512 2456 Aucti
539 2425 799 2467 triumphorum
826 2428 965 2459 numeri
990 2438 1098 2459 unum
1123 2431 1291 2470 apertum
1318 2427 1519 2469 exemplum
1543 2426 1719 2458 habemus
1744 2427 1781 2458 in

262 2481 381 2523 elogio
408 2480 563 2522 quodam
589 2481 713 2522 (Corp.
741 2483 763 2512 i.
791 2483 831 2516 L.
858 2484 875 2514 I
901 2494 934 2524 p.
961 2484 1054 2523 278),
1081 2484 1117 2515 in
1144 2494 1212 2525 quo
1239 2494 1303 2526 pro
1330 2483 1468 2515 duobus
1493 2486 1569 2514 tres
1595 2486 1678 2514 sunt
1703 2481 1781 2514 dati

265 2539 302 2569 L.
327 2537 483 2569 Aemilio
510 2536 624 2568 Paulo
650 2537 833 2578 triumphi.
883 2539 930 2570 cf.
964 2540 1163 2571 Mommsen
1195 2551 1227 2573 a.
1263 2540 1296 2571 h.
1331 2540 1352 2573 l.
1386 2542 1423 2571 et
1452 2540 1534 2570 ro'm.
1567 2539 1780 2570 Mammas-en

263 2604 297 2634 p.
323 2595 402 2625 633.
452 2592 577 2624 Simile
604 2592 703 2624 aliud
736 2593 771 2624 in
804 2594 844 2627 L.
879 2594 1040 2626 Cornelii
1075 2595 1256 2636 Scipionis
1294 2595 1446 2627 Barbati
1483 2594 1572 2636 (eos.
1597 2595 1673 2627 298.
1697 2595 1779 2633 456)

262 2649 380 2690 elogio
405 2648 475 2680 sibi
501 2648 698 2690 indagasse
725 2649 825 2680 uisus
852 2652 908 2681 est
934 2649 1021 2681 Iline
1047 2650 1080 2683 h.
1108 2651 1148 2682 R.
1175 2651 1191 2681 I
1217 2662 1250 2692 p.
1278 2651 1343 2683 389
1368 2661 1422 2692 sq.

350 2715 376 2756 ³)
403 2716 533 2748 Liuius
560 2715 704 2758 quidem
731 2716 827 2747 omni
854 2726 918 2758 spe
945 2726 982 2747 se
1010 2717 1233 2758 superiorum
1267 2728 1441 2749 annorum
1468 2728 1524 2750 res
1555 2718 1593 2749 in
1619 2718 1779 2749 ordinem

262 2771 488 2803 redacturum
515 2782 594 2803 esse
622 2771 768 2803 abiecta
793 2771 939 2803 tandem
967 2773 1123 2804 animum
1157 2773 1354 2814 fatigatum
1389 2774 1427 2804 in
1458 2773 1551 2805 haec
1582 2773 1695 2805 uerba
1727 2773 1779 2804 ef—

264 2827 385 2858 fundit
411 2828 461 2867 (11
487 2830 541 2870 21,
568 2827 620 2868 4):
662 2828 761 2859 Tanti
784 2838 922 2859 errores
946 2829 1111 2869 inplicant
1134 2833 1316 2869 temporum
1341 2830 1442 2861 aliter
1465 2830 1560 2870 apud
1581 2830 1667 2861 alios
1690 2830 1779 2861 ordi·

262 2884 348 2914 natis
373 2884 630 2925 mayistratibus,
657 2889 690 2915 ut
714 2894 774 2916 nec
800 2885 856 2926 qui
879 2886 1031 2916 eonsules
1054 2885 1233 2916 secundum
1265 2894 1422 2926 quosnam
1452 2895 1514 2916 neo
1545 2886 1626 2926 quid
1649 2895 1780 2927 quoqne
