1884 3213
562 189 626 221 DE
653 188 922 221 ANNALIBVS
950 189 1157 221 MAXIMIS
1497 200 1615 229 xxm

96 304 246 341 suimus
286 304 332 341 sr.
375 300 453 347 3¹)
533 309 586 341 est
643 315 737 341 uero
789 304 906 342 etiam
956 303 1056 341 alter
1097 304 1275 343 eiusdem
1316 305 1412 343 libri
1461 305 1507 355 111
1551 303 1613 349 15,

93 367 176 422 28),
216 383 332 422 quem
364 371 554 410 IIuebner
586 385 621 422 p.
654 368 738 409 415
770 372 861 409 item
906 372 944 410 in
984 373 1218 422 fragmentis
1258 374 1411 423 posuit:
1464 373 1612 412 Verena

93 439 167 478 lzoc
205 440 418 478 memoriae
449 440 712 488 proclitumst,
746 439 966 486 Africane,
1012 451 1145 488 reyem
1176 442 1293 479 §scum
1330 441 1501 480 Numam
1537 441 1614 491 Py-

93 506 288 554 tlmqorae
318 508 441 556 ipsius
471 508 706 556 disc-epulum
738 512 807 546 aut
836 511 944 546 certe
974 507 1272 556 Pytieayoreum
1300 508 1457 555 fuisse?
1494 520 1616 558 saepe

92 575 194 612 enim
224 575 297 613 Izoc
327 575 376 612 de
405 575 622 613 maioribus
652 580 752 614 natu
783 576 1010 614 audiuimus
1039 581 1077 614 ec
1106 576 1163 613 ita
1203 577 1464 624 iutelleye'mus
1493 578 1614 625 uulyo

91 643 330 693 exlsle'marz',
362 654 488 691 neque
526 653 620 681 uero
649 644 745 681 satis
774 643 818 681 id
847 644 1056 681 annalium
1087 644 1344 692 publicorum
1376 645 1613 682 auctoritate

91 711 342 748 declaratum
373 707 603 758 uidemusfl)
666 723 793 762 neque
824 716 956 750 tamen
990 724 1059 749 nos
1091 724 1137 749 eo
1169 712 1272 749 infra
1296 713 1612 761 fragmentorum

91 790 301 816 numerum
333 790 477 828 augere
511 778 724 823 noluimus,
757 780 945 830 quoniam
977 779 1116 817 Cicero
1148 792 1227 817 non
1260 780 1355 831 quid
1387 781 1427 817 in
1459 780 1611 818 annali-

92 846 165 885 bus
196 847 388 897 scriptum
420 847 560 885 suisset
592 846 774 890 tradidit,
817 846 883 884 sed
916 847 1009 898 1111111
1050 848 1089 884 111
1121 848 1179 885 eis
1218 859 1296 886 non
1327 848 1482 892 fuisset,
1514 848 1613 887 tales

91 919 220 952 autem
253 914 361 952 locos
392 914 561 952 consilio
602 927 648 953 cx
690 914 888 966 relliquiis
920 915 1175 953 exclusimus.
1238 920 1418 954 ceterum
1450 915 1610 954 Cicero-

89 994 179 1020 nem
217 983 275 1020 eis
313 983 379 1033 qui
420 982 516 1020 editi
555 987 667 1021 erant
706 982 917 1021 annalibus
958 984 1149 1033 inspectis
1181 985 1433 1034 acquieuisse
1480 984 1612 1022 uideri

91 1051 166 1088 iam
205 1062 323 1101 supra
356 1050 731 1095 animaduertimus,
766 1051 948 1101 idemque
981 1050 1182 1089 adfirmari
1214 1053 1361 1102 poterit
1393 1051 1439 1089 (le
1471 1051 1611 1090 Verrio

88 1117 241 1161 Flacco,
275 1119 340 1157 cui
363 1119 504 1168 fragm.
527 1115 555 1156 4
586 1118 777 1157 debemus
810 1117 875 1168 (cf.
908 1131 1016 1169 supr.
1042 1118 1240 1170 p.X1111).
1305 1131 1445 1157 uerum
1479 1124 1610 1157 tamen

89 1185 154 1223 illa
187 1190 312 1224 aetate
345 1186 513 1224 aliorum
546 1186 748 1224 annalium
780 1187 881 1225 sama
915 1187 1058 1224 remoti
1089 1199 1218 1237 neque
1250 1187 1420 1225 multum
1443 1188 1610 1226 lectitati

87 1265 173 1291 esse
205 1253 404 1291 uidentur.
466 1266 557 1291 nam
589 1266 660 1292 nee
693 1254 832 1292 Liuius
864 1267 935 1292 noe
958 1254 1170 1304 Dionysius
1193 1266 1331 1293 eorum
1355 1254 1476 1293 ullam
1500 1268 1608 1293 men-

85 1321 235 1359 tionem
267 1322 406 1359 iniecit
438 1333 565 1372 neque
598 1334 735 1360 eorum
769 1323 808 1360 in
840 1334 954 1360 usum
988 1327 1221 1360 uocatorum
1262 1323 1363 1373 apud
1404 1323 1492 1360 illos
1532 1322 1608 1360 ulla

87 1389 255 1438 uestigia
284 1390 554 1439 reperiuntur.
570 1386 597 1441 3)
659 1389 733 1427 sul)
766 1389 965 1427 Hadriano
997 1402 1093 1427 uero
1122 1402 1260 1428 eorum
1282 1391 1473 1429 memoria
1495 1402 1608 1441 pror-

85 1469 152 1494 sus
183 1456 410 1495 oblitterata
442 1462 539 1495 erat.
600 1458 689 1508 quis
721 1458 840 1501 enim,
875 1458 907 1495 si
940 1459 1150 1508 exquirere
1173 1470 1239 1497 eos
1270 1459 1505 1509 potuissent,
1539 1458 1606 1496 ho-

85 1526 213 1562 mines
245 1524 333 1563 illos
364 1526 613 1576 antiquitatis
645 1525 842 1564 studiosos
875 1525 944 1563 has
976 1526 1128 1576 priscas
1167 1526 1322 1564 litteras
1354 1526 1607 1576 neglecturos

87 1605 211 1643 neque
244 1605 409 1644 usquam
442 1592 671 1631 laudaturos
704 1599 741 1631 et
773 1597 1045 1631 ostentaturos
1067 1594 1190 1632 fuisse
1214 1593 1375 1632 credat?
1406 1606 1477 1644 per
1509 1607 1607 1645 quos

85 1672 181 1698 uero
214 1660 404 1711 Vopiscus
445 1658 507 1709 (fr.
540 1658 579 1712 2)
613 1673 713 1712 quac
755 1662 794 1699 in
837 1660 1049 1700 annalibus
1088 1674 1188 1700 max.
1221 1684 1277 1688 —
1308 1661 1349 1700 hi
1381 1663 1487 1700 enim
1519 1663 1605 1700 sine

84 1728 205 1766 dubio
244 1729 346 1779 apud
387 1740 477 1766 eum
518 1728 777 1779 intellegendi
823 1734 914 1767 sunt
952 1752 1009 1756 ——
1051 1729 1098 1767 110
1140 1730 1371 1780 interregno
1419 1729 1487 1768 illo
1519 1735 1606 1780 post

82 1796 292 1833 Romulum
334 1797 435 1834 inito
474 1798 689 1835 memoriae
729 1796 873 1835 tradita
909 1802 1060 1841 essent,
1102 1798 1316 1848 acceperit,
1350 1810 1428 1835 non
1466 1798 1602 1849 liquet.

83 1865 219 1914 utique
252 1865 335 1915 ipse
369 1877 434 1902 eos
467 1876 544 1902 non
578 1862 734 1916 uidit.⁴>

174 2031 198 2074 ¹)
235 2032 343 2065 Nulla
388 2036 488 2065 certa
531 2043 647 2065 causa>
686 2032 899 2075 Bernhardy
944 2033 1034 2066 Ιῖῠηι,
1080 2035 1303 2075 Litteralmy.
1345 2045 1377 2076 p.
1418 2036 1480 2067 195
1525 2046 1603 2067 eum

81 2092 259 2131 sumptum
285 2099 363 2120 esse
391 2092 518 2121 censet
544 2100 587 2120 ex
613 2089 874 2122 commentariis
897 2100 1096 2125 sacrorum.

170 2144 196 2185 ¹²)
222 2145 384 2177 Plurima
410 2156 454 2177 ex
481 2145 676 2178 annalibus
701 2157 794 2178 max.
821 2156 900 2178 cum
926 2146 970 2179 de
997 2158 1035 2179 re
1062 2158 1094 2190 p.
1122 2147 1328 2189 disputaret
1354 2148 1522 2179 hausisse
1542 2147 1602 2179 Ci-

82 2212 248 2234 ceronem
283 2203 490 2244 suspicatus
519 2205 575 2234 est
605 2201 827 2235 Hullemann
858 2214 891 2245 p.
919 2204 972 2235 68.
1023 2214 1089 2246 ego
1122 2206 1245 2236 tamen
1277 2203 1513 2236 uehementer
1538 2203 1601 2235 du-

80 2258 166 2292 bito.
217 2261 342 2290 auctor
368 2259 463 2290 enim
489 2259 680 2300 primarius
708 2263 781 2291 tum
807 2259 879 2290 fuit
905 2259 1076 2292 Ciceroni
1101 2259 1288 2301 Polybius.

171 2325 196 2367 3)
222 2326 438 2358 Lachmann
462 2325 506 2358 de
532 2325 556 2357 f.
582 2326 662 2358 Liu.
687 2326 702 2357 I
728 2337 760 2367 p.
789 2327 839 2359 13.
873 2326 1015 2359 Becker
1041 2330 1115 2359 ant.
1143 2328 1160 2360 Ι
1185 2338 1219 2368 p.
1248 2330 1298 2361 10.
1348 2327 1559 2370 Schwegler
1583 2328 1601 2360 Ι

79 2394 111 2424 11.
137 2383 157 2414 8
181 2392 214 2413 n.
239 2383 270 2414 4.
316 2382 427 2414 Falso
459 2381 604 2414 Closset
637 2381 737 2414 Essai
766 2393 801 2424 p.
825 2382 891 2414 425
925 2394 946 2414 a
971 2383 1148 2424 Dionysio
1174 2384 1247 2415 IIII
1274 2386 1334 2424 30,
1367 2394 1446 2416 cum
1471 2394 1602 2427 prouo-

81 2442 182 2470 caret
207 2437 252 2470 ad
284 2433 499 2476 ἐνιαυσίους
525 2432 755 2480 ἇναγραφάς
787 2438 939 2471 annales
965 2449 1058 2472 max.
1092 2440 1210 2472 dictos
1238 2450 1317 2473 esse
1344 2443 1478 2473 censet.
1529 2439 1599 2471 alio

79 2493 240 2527 eiusdem
264 2493 344 2527 loco
371 2493 402 2535 (Ι
428 2493 496 2536 73),
522 2495 583 2527 ubi
609 2495 806 2536 scriptores
831 2495 1013 2528 Romanos
1040 2497 1318 2538 antiquissimas
1350 2496 1450 2529 urbis
1475 2506 1532 2527 res
1559 2490 1598 2527 ἐκ

78 2549 252 2583 παλαιῶν
279 2545 397 2593 λόγων
423 2545 464 2582 ἐν
491 2547 610 2592 ἷεραῑς
628 2547 779 2589 δέλτοις
797 2548 1015 2594 σωζομένων
1034 2552 1202 2585 hausisse
1222 2553 1361 2592 scribit,
1389 2551 1598 2593 conparatis

78 2609 248 2648 γραφαῖς
278 2604 352 2638 τῶν
378 2603 617 2649 ἱεροφαντῶν
643 2606 745 2649 (VIII
769 2606 825 2648 56)
853 2608 1122 2641 conmentarios
1154 2608 1366 2650 pontificum
1398 2607 1442 2639 ab
1477 2617 1518 2639 eo
1551 2607 1597 2638 si-

79 2662 274 2704 gnificatos
293 2671 371 2694 esse
390 2663 467 2695 ueri
485 2663 604 2695 simile
631 2666 696 2698 est.
744 2663 836 2695 Num
861 2664 1036 2697 Horatius
1062 2665 1099 2696 in
1126 2665 1233 2707 epist.
1258 2664 1294 2695 II
1323 2666 1350 2703 1,
1370 2663 1424 2702 26,
1450 2662 1513 2694 ubi
1538 2673 1598 2695 ue-

78 2721 193 2750 terum
219 2717 379 2750 fautores
405 2719 565 2751 inridens
590 2719 667 2751 illis
684 2719 744 2751 uel
764 2719 956 2752 duodecim
975 2720 1132 2761 tabulas,
1159 2719 1371 2762 pontificum
1392 2718 1516 2759 libros,
1538 2730 1599 2751 an-

80 2785 166 2806 nosa
195 2773 378 2806 uolumina
402 2778 528 2806 uatum
562 2785 605 2806 ex
635 2776 821 2807 Musarum
852 2786 913 2808 ore
943 2776 1090 2808 fluxisse
1125 2776 1279 2815 iocatur,
1307 2774 1458 2807 annales
1484 2775 1596 2807 maxi-

78 2840 155 2863 mos
178 2831 217 2862 in
242 2829 361 2862 animo
386 2830 569 2872 habuerit,
595 2830 755 2863 discerni
781 2832 923 2873 nequit.

169 2884 195 2926 4)
221 2884 359 2917 Multae
387 2886 620 2918 coniecturae
647 2887 684 2918 in
709 2891 875 2929 promptu
901 2890 985 2919 sunt
1009 2887 1051 2919 de
1079 2887 1130 2918 eis
1157 2886 1263 2918 rebus
1297 2897 1389 2927 quae
1421 2886 1456 2918 iu
1489 2898 1520 2921 a.
1549 2898 1595 2924 111,
