1884 3213
618 178 658 209 C.
685 177 897 210 LICINIVb⁴
924 176 1086 209 MACER
1339 186 1623 216 (nfcxxxxvll

214 290 389 341 [lenique
424 296 464 328 ut
496 290 610 329 lwcui
643 291 768 329 dicam
792 290 886 342 quid
911 292 1101 336 sentiani,
1136 303 1275 341 magna
1298 304 1385 329 runi
1419 290 1624 341 diligentia

100 359 139 396 in
173 357 363 396 historiae
395 358 594 396 Romanae
636 360 763 396 sontes
801 359 1055 410 inquisiuisse
1098 358 1255 396 uidetur
1288 359 1465 397 Licinius
1496 358 1625 396 Macer

101 438 226 477 neque
259 429 410 469 tamen,
451 438 539 463 eum
580 427 617 463 in
659 431 863 464 auctorum
901 427 1096 475 grauitate
1135 426 1388 477 ponderanda
1428 427 1506 463 acri
1540 437 1624 463 rar-

102 494 205 531 uerit
244 492 415 537 iudicio,
456 492 594 542 dignus
634 506 744 538 esse,
785 495 847 532 cui
887 498 1046 545 praeter
1085 498 1240 532 ceteros
1271 495 1469 543 egregiam
1510 492 1624 532 tidem

100 560 327 599 habeamus.

212 627 381 665 Primam
415 639 511 665 uero
542 627 659 666 huius
681 628 888 679 serIptoris
919 629 1095 666 notitiam
1128 628 1319 667 habemus
1349 629 1450 679 apud
1484 629 1623 666 (licc-

103 708 268 733 ronem
302 694 326 733 l.
360 708 391 733 s.
423 692 517 746 δι’),
550 708 570 734 a
601 708 697 746 quo,
740 696 769 734 si
802 696 1087 734 lilonnnsenum
1127 708 1388 747 sequerennu·
1429 695 1622 740 (chronol.

102 777 138 814 p.
171 760 225 801 OO
256 762 350 813 s‹1.),
392 763 509 800 etiam
542 763 581 800 in
621 763 788 814 epistula
826 762 993 814 quadam
1033 764 1078 801 ad
1120 763 1281 801 Paetum
1323 763 1410 801 data
1451 763 1623 800 ll'lacrum

102 830 344 881 descriptum
378 842 462 868 esse
496 830 799 869 existimandum
832 835 936 869 esset
968 830 1061 881 (uid.
1096 831 1184 869 adn.
1208 830 1254 869 ad
1279 832 1327 869 sr.
1354 829 1433 881 13).
1476 835 1514 868 at
1536 842 1625 868 cnm

100 897 303 936 consulum
344 898 522 941 nomina,
571 910 670 948 quos
709 898 848 936 Cicero
894 897 1041 942 adfert,
1089 897 1368 936 adlibroruni
1409 898 1624 936 linteorum

100 967 374 1005 auctoritatem
406 963 590 1008 redeant,
632 969 746 1016 atque
779 967 898 1004 etiam
931 966 997 1004 alii
1029 966 1209 1004 historici
1246 971 1406 1017 praeter
1437 965 1624 1009 Macrum,

100 1038 142 1072 ut
180 1033 223 1079 Q.
258 1033 390 1071 Aelius
429 1032 609 1077 Tubero,
650 1032 798 1071 eisdem
838 1035 897 1071 usi
936 1035 1036 1077 sint,
1076 1046 1140 1072 res
1181 1033 1389 1071 admodum
1429 1032 1548 1071 dubia
1589 1037 1627 1070 et

102 1103 253 1140 incerta
285 1105 358 1140 est.
418 1112 534 1151 quam
566 1101 700 1151 inique
733 1102 837 1139 enim
870 1102 1008 1139 Cicero
1039 1101 1086 1139 de
1119 1100 1241 1140 Macri
1281 1100 1443 1139 historia
1476 1100 1625 1139 iudiea-

102 1174 180 1214 ret,
215 1170 290 1206 iani
324 1167 510 1206 uidimus.
564 1167 656 1218 quid
691 1169 812 1217 igitur
844 1168 946 1206 hunc
978 1170 1225 1219 potissmium
1259 1168 1403 1206 sontem
1436 1180 1525 1206 eum
1558 1168 1625 1207 ad-

104 1238 196 1275 iisse
229 1234 498 1274 arbitremur?

212 1303 268 1341 Ex
301 1302 545 1352 insequentis
576 1304 716 1340 aetatis
754 1302 1017 1353 scriptoribus
1047 1302 1186 1342 Liuius
1226 1308 1376 1354 septem
1415 1302 1475 1353 (fr.
1512 1300 1626 1341 13—-

103 1368 191 1418 19),
225 1370 435 1421 Dionysius
467 1381 533 1407 sex
565 1369 661 1408 locis
695 1368 756 1419 (fr.
788 1368 828 1409 5.
862 1367 1030 1421 8—12)
1065 1372 1297 1409 nominatim
1329 1370 1523 1409 Licinium
1548 1370 1625 1407 Ma-

101 1450 211 1476 crum
243 1437 473 1481 laudarunt,
508 1441 624 1488 atque
657 1437 721 1475 hic
753 1450 841 1476 eum
874 1439 912 1475 in
945 1437 1136 1476 nobilium
1170 1439 1452 1477 historicorum
1484 1438 1626 1475 Roma-

101 1517 240 1543 norum
272 1516 437 1543 numero
475 1506 608 1555 posuit
641 1505 669 1554 (Ι
701 1503 723 1543 7
758 1502 803 1542 οἱ
838 1500 949 1555 πρὸς
986 1499 1136 1543 αὐτῶν
1176 1503 1494 1556 ἐπαινούμενοι
1528 1500 1626 1542 Ῥω-

100 1571 279 1624 μαίων),
312 1584 483 1623 quorum
513 1572 638 1611 libros
670 1574 710 1611 in
742 1571 953 1611 scribendo
977 1572 1237 1611 adhibuisset.
1280 1573 1392 1624 Apud
1425 1572 1625 1611 Liuium

101 1652 196 1678 uero
227 1641 313 1678 eius
344 1652 437 1678 usus
468 1641 695 1678 continetur
726 1641 853 1691 prima
885 1640 1045 1684 decade,
1078 1640 1117 1678 in
1149 1642 1262 1678 cuius
1293 1639 1408 1678 libris
1440 1639 1523 1677 1111.
1548 1637 1625 1682 Vll,

102 1707 215 1745 VIllI.
254 1705 287 1744 X
326 1712 477 1746 tantum
518 1707 634 1745 modo
673 1709 758 1746 eius
798 1709 948 1746 mentio
987 1708 1089 1746 saeta
1128 1713 1199 1746 est.
1261 1709 1489 1759 quaeritur,
1532 1719 1625 1745 num

102 1775 190 1813 aliis
228 1774 324 1812 locis
364 1786 454 1813 eum
491 1775 735 1814 consuluisse
776 1775 972 1814 uideatur.
1041 1788 1084 1813 ac
1124 1776 1171 1814 de
1209 1776 1338 1826 primo
1383 1774 1543 1826 quidem
1588 1778 1627 1811 et

103 1842 226 1880 altero
264 1841 366 1880 libro
406 1843 482 1880 ian]
521 1855 640 1893 supra
683 1843 928 1894 antiquiores
976 1844 1191 1894 scriptores
1225 1843 1344 1881 Liuio
1389 1842 1509 1880 duces
1548 1841 1625 1892 pri-

102 1910 247 1947 marios
292 1909 414 1947 fuisse
460 1907 773 1961 expOSiiiinus2'),
824 1912 863 1948 in
910 1911 1048 1954 tertio,
1096 1910 1215 1949 credo
1254 1911 1344 1961 quia
1393 1909 1496 1960 apud
1539 1908 1626 1947 illos

103 1988 180 2015 non
213 1977 308 2015 satis
339 1964 445 2027 larga
477 1977 714 2029 suppetebat
738 1979 916 2023 materia,
950 1978 997 2017 ad
1030 1979 1274 2017 recentiores
1300 1978 1509 2027 degressus
1541 1989 1626 2015 esse

104 2044 262 2083 uidetur
300 2046 551 2096 prinnnnque
601 2044 646 2083 ad
687 2045 883 2084 Valerium
925 2046 1144 2096 Antiatem,
1192 2046 1255 2083 eui
1303 2045 1494 2083 maiorem
1534 2042 1624 2081 libri

105 2113 211 2150 tertii
245 2117 396 2162 partem
429 2111 575 2150 debere
607 2112 779 2151 uidetur.
840 2113 943 2151 haud
975 2114 1115 2163 ignoro
1154 2112 1338 2164 equidem
1370 2125 1388 2149 a
1423 2110 1625 2149 Nitzschio

106 2178 200 2222 [uid.
232 2190 349 2228 supra
379 2191 414 2229 p.
448 2178 604 2231 CCCXI)
635 2182 753 2219 etiam
786 2179 885 2219 hanc
915 2192 1094 2230 magnam
1118 2185 1270 2231 partem
1300 2179 1346 2218 ad
1369 2179 1511 2217 Licinii
1535 2190 1624 2216 auc-

106 2247 301 2284 toritatem
334 2245 496 2285 relatam
528 2259 635 2292 esse,
668 2260 796 2299 neque
829 2252 978 2293 tamen,
1011 2247 1113 2299 quod
1146 2249 1221 2286 iam
1245 2258 1363 2297 supra
1387 2247 1623 2289 monuimus,

105 2313 201 2351 mihi
242 2313 278 2351 id
311 2315 507 2363 persuasit
547 2315 608 2352 uir
646 2315 710 2353 ille
742 2315 1007 2353 doctissimus.
1070 2325 1160 2352 nam
1201 2319 1242 2352 ut
1281 2326 1406 2358 nune,
1447 2326 1520 2364 qua
1559 2313 1622 2351 ille

105 2380 268 2419 inbutus
306 2385 365 2418 est
404 2382 590 2431 opinione
630 2382 677 2420 de
716 2382 821 2421 Liuii
859 2383 1013 2420 ratione
1052 2382 1180 2420 sontes
1219 2380 1491 2424 exscribendi,
1540 2391 1624 2418 eam

105 2449 235 2486 minus
267 2447 509 2498 probandam
541 2460 625 2487 esse
658 2454 827 2494 taceam,
861 2462 908 2487 ne
942 2451 1018 2500 ipsi
1050 2449 1210 2500 quidem
1241 2448 1337 2504 loci,
1370 2447 1514 2500 quibus
1545 2459 1623 2485 ma-

199 2635 222 2676 ¹)
249 2636 369 2669 Gellio
395 2655 436 2659 —
464 2648 554 2678 quae
582 2641 638 2669 est
663 2639 846 2670 sententia
869 2638 1087 2679 Kiesslingii
1115 2637 1156 2669 de
1183 2637 1289 2670 Dion.
1318 2637 1339 2667 f.
1368 2647 1401 2678 p.
1429 2638 1467 2668 31
1497 2654 1535 2657 —
1563 2639 1625 2669 Li-

107 2692 238 2724 cinium
266 2694 501 2735 praecipuum
526 2696 713 2725 auctorem
739 2694 868 2735 fuisse,
902 2693 1143 2726 demonstrari
1168 2703 1239 2724 non
1265 2695 1395 2734 potest.
1440 2693 1488 2725 ef.
1516 2703 1625 2735 supra

106 2758 138 2789 p.
164 2747 372 2781 CCXXXX.

196 2802 223 2844 ²)
249 2804 399 2836 Nitzseh
426 2815 469 2835 m.
496 2804 562 2836 Rh.
590 2815 623 2837 n.
642 2805 782 2837 XXIIII
808 2816 840 2846 p.
862 2807 923 2838 155
948 2806 1059 2837 etiam
1085 2804 1234 2836 secundi
1260 2803 1343 2835 libri
1371 2815 1399 2835 e.
1420 2806 1553 2837 29—32
1579 2806 1623 2838 ad

108 2859 244 2891 Licinii
269 2861 525 2893 auctoritatem
551 2861 668 2892 redire
694 2861 901 2903 suspicatus
928 2865 993 2896 est.
1044 2865 1083 2894 at
1107 2859 1179 2892 uid.
1206 2870 1316 2902 supra
1342 2871 1375 2902 p.
1402 2860 1558 2895 CCCXI.
