1884 3213
455 180 501 214 M,
532 178 694 211 Pnuoell
720 177 924 211 CATONIS
951 178 1182 211 ORIGINES
1537 176 1591 215 59

71 291 204 333 πόλιν
226 289 380 339 οὔσαις
403 290 780 344 ἐκπεπληρῶσθαι
811 287 886 339 τὰς
908 290 969 330 ἔτι
994 289 1066 330 καὶ
1089 289 1150 337 εἰς
1173 287 1284 343 ἡμᾶς
1307 285 1592 341 ὑπαρχούσας

71 358 310 413 τριάκοντα
348 358 421 399 καὶ
453 357 582 399 πέντε
614 356 779 411 φυλάς·
821 356 982 398 Κάτων
1019 355 1171 410 μέντοι
1210 355 1380 397 τούτων
1419 354 1590 405 ἀξιοπι-

71 426 277 479 στότερος
308 423 372 467 ὢν
403 423 485 479 οὐχ
516 422 650 479 ὁρίζει
680 426 769 466 τῶν
799 427 970 479 μοιρῶν
1002 418 1079 465 τὸν
1110 422 1318 479 ἀριθμόν.

183 493 257 535 24.
296 497 400 535 Fest.
432 509 464 535 s.
496 509 533 535 u.
567 497 764 544 nequitum
791 507 832 544 p.
870 492 948 533 162
987 495 1080 533 ‹jau›
1121 496 1321 545 originum
1354 494 1377 531 l.
1413 493 1445 531 l:
1488 493 1591 531 Faua

39 566 114 606 5iu
147 577 192 603 co
230 565 317 603 loco
349 564 556 614 conpluria
596 565 718 601 suere.
781 576 824 601 ca
857 564 1138 612 exaugurauit,
1179 567 1454 613 praclcrqumu
1487 560 1589 611 quod

72 633 259 676 ’.Ιύνιήηο
292 634 425 671 sanum
458 632 550 674 sum
587 631 624 669 id
657 632 863 682 nequilum
896 631 1149 679 exaugurari.
1252 626 1257 630 '

184 696 258 739 25.
298 700 494 738 Prisee'an.
537 699 592 736 V]
623 710 667 747 p.
700 695 782 736 694
812 698 856 735 P.
889 694 969 735 227
1001 697 1051 737 II.
1093 698 1186 735 (lato
1228 698 1266 733 iu
1306 696 1321 733 l
1366 697 1590 745 ‹wigiuumz

73 768 168 806 Nam
199 767 245 805 dc
286 768 393 805 omni
424 766 645 805 Tusculana
685 766 848 804 ciuitate
888 764 961 802 soli
993 764 1106 803 Lucii
1145 763 1310 802 anilii
1354 763 1591 802 lieni-licinum

71 840 227 885 gratum
258 836 346 874 fuit.
1568 826 1570 828 ’

160 1001 224 1036 24.
260 1005 384 1036 Donat.
416 1005 462 1035 ad
495 1003 628 1036 Terent.
656 1003 790 1035 Plzorm.
816 1003 907 1034 IIII
940 1005 977 1042 3,
1009 1004 1045 1034 6:
1085 1002 1146 1034 Sic
1179 1000 1292 1032 Cato
1325 1000 1503 1042 originum
1536 1010 1593 1031 sev

74 1050 207 1081 cundo:
239 1050 342 1080 Fana.
373 1049 409 1079 in
436 1059 477 1080 eo
508 1048 588 1080 loco
621 1048 819 1090 conpluria.
870 1048 950 1080 Gett.
984 1048 1017 1079 V
1039 1048 1100 1087 21,
1126 1048 1162 1078 6:
1196 1045 1314 1078 Velim
1346 1045 1482 1077 doceas
1515 1055 1592 1083 uos,

74 1105 136 1126 cur
161 1095 280 1136 pluria
306 1094 384 1126 siue
411 1093 610 1135 compluria
635 1111 676 1115 —
703 1093 859 1124 dixerint
884 1094 931 1124 M.
958 1091 1085 1128 Cato,
1113 1093 1153 1132 Q,
1174 1090 1347 1123 Claudius
1373 1095 1406 1122 et
1432 1102 1462 1132 q.
1485 1101 1510 1121 s.
1549 1091 1594 1130 ef.

74 1140 148 1175 lau,
178 1140 197 1170 I
221 1142 280 1171 55:
318 1140 401 1171 inde
426 1138 650 1181 (Tarquinius
676 1138 863 1179 Superbus)
891 1138 936 1169 ad
968 1137 1117 1179 negotia
1148 1137 1288 1168 urbana
1320 1136 1478 1168 animum
1510 1145 1593 1167 con-

73 1185 191 1216 uertit.
235 1195 384 1226 quorum
411 1187 490 1216 erat
514 1184 680 1225 primuni,
707 1186 746 1214 ut
771 1184 869 1215 Iouis
894 1182 1067 1225 templum
1092 1183 1128 1213 in
1153 1184 1275 1214 monte
1291 1181 1447 1222 Tarpeio
1473 1190 1594 1212 monu-

74 1233 229 1261 mentum
257 1231 360 1271 regni
386 1230 442 1261 sui
467 1229 694 1270 nominisque
721 1228 964 1270 relinqueret:
994 1227 1211 1269 Tarquinios
1237 1236 1342 1268 reges
1368 1226 1504 1265 ambos,
1532 1235 1594 1267 pa-

74 1279 164 1307 trem
190 1275 346 1314 uouisse,
374 1274 485 1306 filium
517 1274 726 1315 perfecisse.
776 1278 811 1305 et
837 1277 877 1304 ut
895 1274 1014 1305 libera
1040 1283 1061 1304 a
1086 1272 1218 1304 ceteris
1243 1271 1482 1312 religionibus
1509 1281 1595 1302 area,

74 1324 169 1352 esset
195 1323 271 1351 tota
296 1321 395 1352 Iouis
427 1319 625 1361 templique
652 1320 748 1356 eius,
783 1319 879 1359 quod
906 1317 1222 1358 inaedificaretur,
1251 1326 1478 1357 exaugurare
1505 1316 1595 1347 fana

76 1365 286 1407 sacellaque
320 1365 469 1404 statuit,
504 1374 595 1406 quae
629 1364 771 1405 aliquot
803 1364 855 1395 ibi
886 1374 907 1394 a
939 1363 979 1395 T.
1005 1363 1113 1395 Tatio
1144 1372 1231 1403 rege
1262 1362 1415 1403 primum
1445 1362 1482 1392 in
1516 1361 1595 1402 ipso

74 1410 280 1442 discrimine
314 1410 491 1441 aduersus
516 1409 706 1441 Romulum
739 1418 882 1450 pugnae
918 1412 1024 1448 uota,
1060 1411 1274 1440 consecrata
1299 1407 1594 1448 inaugurataque

74 1460 202 1496 postca
238 1455 395 1490 fuerant,
445 1456 542 1486 inter
572 1454 752 1496 principia
785 1453 964 1485 condendi
995 1453 1103 1484 huius
1134 1453 1254 1494 operis
1280 1452 1436 1483 mouisse
1463 1461 1595 1482 numen

74 1500 118 1532 ad
150 1501 381 1532 indicandam
417 1500 513 1531 tant-i
545 1499 688 1541 imperii
718 1498 845 1531 molem
879 1498 1038 1530 traditur
1069 1498 1165 1529 deos.
1214 1507 1297 1528 nam
1325 1507 1405 1528 cum
1439 1496 1595 1528 omnium

75 1545 288 1577 sacellorum
322 1544 631 1587 exaugurationes
663 1544 899 1576 admitterent
929 1554 1035 1580 aues,
1067 1543 1104 1574 iu
1128 1542 1288 1574 Termini
1321 1542 1406 1573 fano
1437 1551 1507 1572 non
1534 1540 1596 1572 ad-

75 1591 211 1622 dixere.
262 1590 370 1632 idque
405 1601 509 1622 omen
541 1589 805 1631 auguriumque
842 1590 895 1620 ita
929 1593 1121 1630 acceptum
1147 1591 1222 1627 est,
1255 1598 1326 1619 non
1352 1590 1485 1618 motam
1511 1586 1595 1616 Ter-

75 1635 163 1666 mini
194 1635 314 1667 sedem
345 1645 524 1677 unumque
558 1645 637 1665 eum
673 1634 820 1666 deorum
852 1645 922 1665 uon
955 1636 1145 1665 euocatum
1178 1635 1331 1665 sacratis
1363 1631 1432 1663 sibi
1464 1631 1596 1662 finibus

76 1681 175 1711 firma
206 1680 429 1722 stabiliaque
461 1683 593 1711 cuneta
630 1679 856 1721 portendere.
912 1678 1010 1710 Seru.
1044 1679 1130 1712 Aen,
1166 1678 1291 1709 VIIII
1320 1678 1396 1712 448.
1436 1678 1594 1708 Lactant.

75 1727 152 1756 inst.
180 1725 200 1756 I
224 1727 278 1757 20.
314 1726 452 1766 Auyust.
481 1726 521 1756 de
546 1726 609 1756 ciu-
635 1725 669 1756 d.
702 1725 735 1755 V
757 1726 810 1757 21.
851 1724 947 1755 Ouid.
972 1725 1054 1761 fast.
1082 1723 1125 1754 II
1150 1724 1215 1754 665
1238 1733 1313 1765 sqq.

165 1767 232 1803 25.
260 1770 389 1802 Eadem
413 1771 550 1811 repetiit
574 1770 744 1801 Priscian.
776 1769 828 1800 VI
853 1780 885 1810 p.
915 1770 978 1800 717
1006 1770 1045 1800 P.
1071 1769 1136 1799 266
1155 1769 1200 1802 H.
1227 1785 1269 1789 ——-
1295 1768 1425 1808 Popnza
1451 1772 1483 1799 et
1515 1768 1595 1799 Wa-

73 1826 179 1856 9ener
203 1817 250 1847 ad
273 1816 315 1849 L.
332 1815 513 1847 Mamilium
537 1817 747 1853 rettulerunt,
774 1815 830 1856 qui
853 1824 936 1845 unas
961 1825 1006 1846 eoe
1029 1815 1130 1845 sociis
1157 1812 1249 1853 (Lz'u.
1269 1813 1334 1844 III
1360 1813 1412 1843 18.
1444 1813 1545 1844 Dion.
1563 1812 1597 1842 X

80 1859 132 1900 16)
163 1872 193 1892 a.
218 1861 295 1891 460.
322 1862 388 1892 294
418 1861 574 1892 Romanis
605 1870 676 1891 cam
707 1861 861 1891 exercita
891 1864 1012 1891 contra
1042 1859 1271 1897 Herdonium,
1311 1858 1367 1899 qui
1398 1858 1597 1898 Capitolium

76 1911 315 1946 oppresserat,
342 1906 470 1937 auxilio
495 1906 596 1937 uenit.
645 1908 679 1935 at
703 1910 944 1946 praeterquam
969 1905 1059 1946 quod
1088 1904 1140 1935 lzz'c
1165 1914 1271 1934 annus
1301 1912 1367 1934 non
1391 1903 1482 1934 eadit
1507 1904 1597 1933 intra

76 1951 175 1991 primi
198 1951 278 1982 libri
295 1952 392 1991 fines,
418 1961 484 1982 non
508 1951 616 1986 uideo,
642 1960 704 1980 eur
729 1955 792 1980 tam
816 1950 919 1981 solius
944 1949 1088 1980 Mamitz‘z'
1111 1949 1302 1988 beneficium
1324 1952 1456 1989 pratum
1477 1948 1595 1987 fuerit.

75 2001 226 2027 vertasse
250 1997 333 2027 enim
358 2000 422 2027 tum
437 1996 547 2027 socios
569 1996 724 2036 ciuesque
742 1995 860 2026 Liuius
885 1993 969 2035 (IIJ
997 1995 1048 2033 18,
1068 1992 1101 2035 7)
1128 1999 1260 2033 narrat,
1285 1994 1355 2024 utri
1370 1997 1596 2033 recuperatae

77 2041 167 2072 areis
197 2051 288 2072 suam
318 2042 419 2072 decus
447 2041 605 2080 facerent
636 2040 847 2081 omnibusque
877 2040 1073 2071 Tusculanis
1104 2049 1125 2070 a
1151 2039 1307 2070 Romanis
1329 2039 1461 2080 gyratias
1487 2043 1596 2077 aetus,

77 2096 181 2127 neque
213 2087 384 2127 quisquam
414 2087 564 2126 scriptor
588 2085 731 2116 illanzz'lii
760 2086 962 2125 potissz’mmn
986 2085 1141 2115 uirtutem
1172 2083 1324 2114 laudibus
1349 2084 1460 2124 effert.
1507 2082 1596 2113 Bor-

77 2141 174 2161 mann
196 2141 232 2171 p.
251 2132 291 2162 31
320 2130 490 2162 Octauium
515 2130 697 2161 ilIamz'lz‘um
728 2129 903 2171 Tarquinii
927 2129 1074 2170 Superbi
1095 2139 1252 2169 ¹qenerum
1277 2129 1396 2159 (lictum
1422 2137 1495 2159 esse
1521 2138 1596 2158 een-

76 2176 142 2206 szu't
167 2175 337 2217 Lucioque
362 2185 565 2216 praenomen
592 2176 624 2206 ei
647 2176 842 2215 adscripsit.
890 2176 919 2205 is
945 2179 1053 2206 tamen
1075 2175 1184 2213 falsus
1210 2178 1260 2205 est
1285 2174 1318 2203 in
1345 2183 1395 2211 eo,
1421 2173 1511 2214 quod
1535 2171 1595 2203 Oe-

77 2221 198 2251 tauz'um
220 2230 426 2261 praenomen
451 2231 523 2252 esse
548 2231 613 2252 non
638 2221 805 2252 intelleoeit
830 2219 1022 2261 duobusque
1040 2219 1221 2250 illumilium
1246 2219 1383 2249 ornauit
1407 2218 1597 2259 praenomi-

78 2265 181 2297 nibus.
227 2266 295 2296 uia.
322 2265 455 2297 Jordan
476 2266 564 2306 prot.
590 2276 626 2306 p.
651 2264 806 2296 XXXV.

192 2414 229 2449 2.
263 2409 406 2449 Κάτων
426 2408 556 2460 μέντοι
584 2407 732 2449 τούτων
761 2416 798 2449 in
819 2415 930 2450 tibris
960 2417 1047 2449 sunt
1071 2415 1218 2459 scripta
1239 2424 1277 2459 p.
1296 2411 1349 2449 58
1375 2424 1411 2449 u.
1435 2411 1482 2447 11
1512 2416 1598 2457 post

79 2465 207 2516 φυλὰς
237 2464 478 2518 ἀμφοτέρων.
540 2471 839 2506 emendauerunt
872 2470 1042 2506 Niebuhr
1073 2474 1108 2505 et
1140 2469 1346 2506 Mommsen
1379 2468 1432 2514 cf.
1466 2480 1595 2503 comm.

80 2529 131 2562 ad
159 2527 253 2562 Fab.
281 2526 336 2573 fr.
369 2526 406 2562 9.

192 2577 267 2629 ⁴24,
300 2582 336 2618 5.
370 2592 561 2630 praequam
593 2582 674 2618 cod.

193 2633 273 2686 25,
312 2639 349 2674 8.
383 2637 589 2673 tuscculana
623 2649 663 2683 p.
696 2637 776 2674 266
807 2638 928 2674 Bern.
960 2639 1090 2674 (αἶθον.
1123 2650 1146 2673 a
1185 2647 1261 2672 seo.
1294 2648 1339 2671 m.
1371 2647 1387 2669 s
1420 2647 1527 2682 supr.
1562 2648 1596 2672 u.

248 2694 329 2730 solii
370 2695 522 2731 Gruter.
548 2705 592 2740 p.
626 2693 704 2729 227
737 2698 772 2729 et
810 2706 833 2729 a
867 2696 994 2740 prima
1034 2705 1081 2728 m.
1111 2706 1150 2739 p.
1184 2692 1276 2729 266.
1478 2689 1594 2741 Lucii]

81 2753 136 2786 sic
167 2755 272 2786 reete
300 2762 339 2797 p.
372 2750 465 2786 266.
495 2761 533 2796 p.
567 2748 667 2786 227:
699 2749 815 2785 lucilia
846 2751 940 2787 Par.
964 2751 998 2786 R
1027 2761 1090 2796 pr.
1114 2762 1158 2783 m.
1219 2748 1301 2783 lucii
1333 2758 1410 2783 sec.
1438 2760 1483 2783 m.
1545 2748 1597 2783 lu-

82 2806 151 2842 cilii
182 2807 265 2842 rell.
295 2807 385 2842 libri
405 2806 557 2842 Hertzii
724 2806 879 2842 mamillii
911 2806 1083 2853 Sanqatt.
1104 2817 1141 2851 p.
1166 2804 1264 2840 266:
1297 2803 1448 2839 mamelii
1481 2803 1597 2852 Sanq.

82 2862 259 2898 mammilii
290 2862 428 2899 Karot.
478 2899 481 2902 ,
601 2860 803 2898 benificium
834 2863 970 2898 Karot.
