1884 3213
55 930 85 955 10

506 168 552 202 M,
580 167 743 201 POROII
769 168 975 201 CATONIS
1003 169 1230 202 ORIGINES
1577 168 1631 208 69

221 280 366 321 60³⁸&
406 282 519 320 Seru.
553 283 610 320 ad
639 283 736 320 Aen.
779 281 970 321 {7168ss
1011 284 1104 321 (luto
1144 282 1259 321 dici&
1302 284 1400 329 Quia
1447 285 1478 321 is
1519 283 1629 321 lucus

111 349 312 389 montibus
343 354 530 401 praestet,
564 350 779 389 Praeneste
812 351 956 401 oppido
989 363 1133 388 numen
1166 351 1286 389 dedit.

219 425 293 467 61.
324 429 522 467 Priscian.
556 429 651 467 IIII
675 440 718 477 J).
749 426 831 467 629
862 430 904 466 P.
940 426 1020 467 129
1051 430 1101 467 H.
1134 429 1227 467 Catu
1259 431 1473 467 Censorinus
1501 452 1558 455 -<
1590 430 1628 467 iu

109 497 141 534 ll
175 495 423 547 (origi1uuu):
458 497 498 534 Si
530 497 618 547 quis
642 501 821 534 mortuus
853 502 911 535 cst
932 497 1147 547 Arpinati&
1181 498 1266 535 cius
1298 497 1485 535 heredem
1518 509 1627 535 surra

111 577 187 602 uon
219 568 422 602 secuntur,

217 639 363 681 62²⁵²²³⁷².
395 642 510 680 Seru.
528 643 586 680 ad
603 642 776 682 AmXJ
789 639 869 680 567
894 642 1003 681 Licet
1027 640 1250 695 [Metabus]
1274 643 1489 681 Priuernas
1511 649 1626 688 esset,

108 714 250 755 tamen,
282 711 374 761 quia
405 711 445 748 in
467 710 687 748 'l'uscoruln
720 711 807 748 iure
830 723 954 760 paene
987 712 1116 748 omnis
1138 710 1250 748 Italia
1284 712 1426 753 suerat,
1460 722 1626 760 gencra-

105 777 197 816 liter
238 779 277 816 in
308 777 508 817 Metabum
541 778 716 815 onmium
759 777 847 815 odia
887 777 1133 815 serebantur.
1196 790 1285 816 mun
1325 777 1463 828 pulsus
1498 779 1628 816 suerat

107 857 125 883 a
158 850 274 894 genle
306 845 550 889 Volscorurn,
584 857 683 896 quac
716 846 835 883 etium
869 847 952 896 ipsa
984 845 1245 883 Etruscorum
1284 849 1479 896 potestate
1513 858 1624 896 rege-

108 912 234 957 batur,
268 913 371 963 quod
403 912 496 951 Cato
527 912 757 964 plenissime
790 917 979 951 executus
1011 918 1084 951 est.

107 1103 330 1145 concepisse.
378 1105 507 1144 postea
540 1103 647 1135 enixa
680 1113 827 1144 puerum
861 1104 964 1134 iuxta
996 1102 1169 1144 templum
1202 1103 1300 1134 Iouis
1332 1103 1485 1140 abiecit,
1521 1112 1626 1143 quem

104 1149 266 1190 uirgines
298 1152 472 1190 aquatum
499 1151 627 1180 euntes
658 1149 760 1180 iuxta
789 1149 911 1189 ignem
942 1149 1128 1179 inuentum
1155 1148 1403 1188 sustulerunt,
1438 1148 1499 1189 qui
1530 1147 1625 1178 haud

103 1194 209 1235 longe
243 1204 265 1224 a
297 1193 398 1225 fonte
430 1197 527 1234 crat,
559 1193 654 1224 unde
688 1193 844 1225 Vulcani
882 1193 1002 1224 dictus
1044 1196 1099 1224 est
1135 1193 1242 1225 filius.
1292 1192 1471 1224 Caeculus
1503 1196 1626 1224 autem

104 1238 206 1279 ideo,
241 1239 326 1279 quia
358 1238 473 1270 oculis
505 1238 704 1270 minoribus
736 1239 823 1278 fuit,
856 1249 963 1279 quam
996 1248 1069 1269 rem
1102 1238 1314 1279 frequenter
1342 1237 1457 1269 effloit
1494 1237 1624 1269 fumus.

103 1285 174 1315 Hic
206 1286 334 1325 postea
367 1283 526 1315 collecta
558 1283 813 1323 multitudine,
844 1287 1037 1324 postquam
1064 1283 1126 1314 diu
1156 1283 1395 1314 latrocinatus
1424 1286 1490 1322 est,
1516 1284 1625 1314 Prae-

104 1329 285 1360 nestinam
318 1329 508 1360 ciuitatem
533 1329 570 1359 in
596 1329 778 1360 montibus
805 1328 981 1361 condidit.
1030 1331 1066 1359 et
1092 1338 1171 1360 cum
1197 1328 1243 1359 ad
1269 1328 1373 1360 ludos
1399 1328 1536 1365 uicinos
1563 1338 1623 1369 po-

104 1374 207 1415 pulos
233 1374 447 1413 inuitasset,
481 1374 604 1415 coepit
630 1384 692 1405 cos
723 1374 862 1405 hortari
887 1376 927 1405 ut
954 1383 1076 1404 secum
1108 1373 1323 1405 habitarent
1350 1375 1386 1404 et
1417 1383 1482 1414 pro
1507 1372 1624 1414 gloria

104 1419 241 1450 iactare
270 1429 308 1450 se
340 1418 452 1450 filium
485 1428 565 1450 esse
591 1419 758 1452 Vulcani.
809 1418 904 1460 quod
931 1428 1010 1450 cum
1042 1418 1097 1449 illi
1122 1429 1193 1450 non
1221 1417 1425 1458 crederent,
1452 1418 1623 1449 inuocato

103 1463 267 1495 Vulcano
281 1467 322 1495 ut
339 1474 419 1496 eum
434 1463 545 1495 filium
563 1474 665 1495 suum
682 1464 945 1506 comprobaret,
967 1463 1081 1495 omnis
1107 1463 1207 1495 illius
1228 1462 1475 1494 multitudinis
1494 1462 1625 1494 chorus

105 1512 161 1541 est
192 1509 334 1540 flamma
367 1508 623 1540 circumdatus.
676 1518 746 1549 quo
773 1509 873 1540 facto
899 1509 1067 1540 commoti
1086 1518 1209 1540 omnes
1235 1508 1342 1539 simul
1368 1508 1624 1540 habitaucrunt

104 1554 309 1586 etVulcani
327 1553 439 1585 filium
457 1563 536 1585 esse
555 1553 800 1585 crediderunt.
850 1554 953 1585 Solin.
974 1553 1018 1585 II
1043 1556 1062 1585 9
1083 1565 1120 1594 p.
1139 1555 1180 1585 36
1208 1553 1381 1586 Momms.:
1406 1554 1621 1593 Praeneste,

103 1602 142 1630 ut
168 1599 375 1631 Zenodotus
400 1599 527 1639 refert,
555 1598 740 1630 eonditum
767 1610 788 1630 a
814 1599 1033 1636 Praeneste,
1060 1599 1177 1630 Vlixis
1202 1601 1353 1640 nepote,
1379 1598 1507 1630 Latini
1531 1597 1622 1638 fili0;

103 1647 144 1675 ut
168 1644 402 1675 Praenestini
434 1647 566 1676 sonant
591 1643 690 1682 libri,
723 1654 743 1675 a
770 1643 945 1684 Caeculo,
978 1654 1082 1684 quem
1107 1644 1212 1675 iuxta
1242 1644 1347 1685 ignes
1372 1643 1542 1675 fortuitos
1567 1643 1623 1673 in-

103 1692 285 1720 uenerunt
309 1689 536 1730 Digidiorum
563 1699 716 1722 sorores,
766 1689 885 1721 Festus
908 1700 943 1730 p.
969 1690 1012 1720 44
1038 1689 1087 1720 M.
1115 1688 1297 1721 Caeculus
1323 1689 1486 1720 condidit
1512 1689 1622 1719 Prae-

102 1737 219 1765 neste.

195 1787 264 1823 (30.
290 1790 333 1830 cf.
359 1790 449 1822 Fest.
474 1801 509 1830 p.
527 1790 592 1821 224
613 1791 660 1821 M.
679 1790 881 1822 Praeneste
909 1790 1007 1821 dicta
1033 1794 1100 1831 est,
1129 1791 1213 1832 quia
1241 1791 1272 1822 is
1298 1790 1411 1831 locus,
1438 1800 1509 1831 quo
1534 1800 1618 1821 cou—

102 1834 180 1866 dita
205 1839 274 1875 est,
298 1835 479 1867 montibus
504 1838 680 1876 praestet.

194 1888 255 1924 61.
284 1891 430 1932 Repetiit
453 1892 562 1923 Prisc.
596 1892 672 1922 VII
697 1903 730 1933 ρ.
757 1893 819 1923 761
842 1892 878 1924 P.
906 1893 971 1924 337
990 1892 1035 1922 ll.

215 2048 289 2089 60.
320 2053 423 2088 deest
454 2055 491 2088 in
526 2052 694 2088 Tleilonis
723 2053 843 2088 libris.

215 2114 289 2156 61.
321 2122 358 2155 in
388 2120 450 2155 lib.
485 2120 559 2155 VII
587 2120 817 2156 Priscianus
847 2120 944 2155 leuce
977 2130 1029 2156 ea:
1058 2120 1154 2155 libro
1185 2120 1210 2154 I
1236 2124 1386 2165 sumpta
1419 2129 1501 2154 csse
1532 2120 1621 2153 dicit

104 2176 158 2222 cf.
191 2187 312 2222 supra
338 2187 380 2221 p.
414 2176 563 2211 LXIII.
596 2178 633 2211 in
663 2177 726 2212 lib.
770 2177 845 2212 VII
873 2188 942 2212 om.
973 2188 1020 2211 m.
1051 2187 1115 2222 pr.
1147 2176 1239 2210 Par.
1259 2177 1292 2211 R
1324 2176 1412 2211 add.
1444 2185 1521 2210 sec.
1553 2186 1598 2209 m.

188 2232 224 2268 3.
262 2228 316 2280 in]
357 2231 450 2266 Iden]
488 2233 524 2266 in
561 2232 702 2268 Amz'en.
743 2233 862 2268 Bern.
894 2233 1011 2268 Halb.
1045 2244 1066 2267 (ι
1099 2242 1174 2270 sce.
1207 2243 1255 2267 m.
1456 2230 1492 2265 4.
1525 2235 1619 2265 esset

102 2311 197 2346 Par.
230 2311 277 2345 R.
311 2321 333 2345 (ι
366 2319 441 2346 sec.
473 2322 518 2346 m.
578 2315 633 2346 est
663 2316 699 2345 ct
731 2310 877 2346 Amz'en.
911 2310 1030 2346 Bern.
1054 2310 1170 2357 Smrq.
1229 2292 1323 2345 estet
1347 2310 1484 2345 chrol.

1398 2376 1471 2400 non

101 2410 260 2446 eiusdem
291 2410 434 2446 Ame'en.
608 2411 644 2447 5.
677 2423 749 2446 nou
781 2417 982 2459 sequuntur
1012 2412 1155 2448 Amz'en.
1189 2411 1360 2459 Scmyall.
1420 2415 1621 2458 sequuntur

304 2462 359 2497 vel
378 2473 450 2497 nou
1006 2487 1022 2505 .·.

107 2513 256 2547 Gruter.
318 2516 589 2558 consequuntur
611 2512 727 2548 Bern.
787 2514 850 2550 lib.
885 2513 975 2549 VII:
1005 2513 1030 2554 N
1066 2518 1238 2548 secuntur
1271 2510 1339 2560 (ad
1366 2524 1435 2559 mss.
1535 2511 1617 2557 con)

103 2568 197 2602 Par.
230 2567 264 2602 R
296 2578 371 2603 sec.
405 2580 453 2603 m.
524 2573 701 2615 sequntur
740 2569 856 2616 Scmq.
889 2579 965 2605 sec.
999 2581 1045 2608 m,
1113 2573 1315 2615 sequuntur
1353 2568 1474 2603 Bern.
1509 2568 1623 2603 Grau

102 2625 226 2660 I1'arol
231 2651 238 2659 .

215 2673 288 2727 62,
322 2679 356 2715 6.
388 2678 557 2726 priucrno
589 2680 723 2727 Reyz'n.
927 2681 962 2716 7.
996 2691 1118 2716 onmes
1153 2680 1287 2727 Reffl'n.
1480 2679 1516 2715 8.
1548 2690 1618 2715 me-

104 2741 224 2771 tauum
254 2736 383 2771 Paris.
558 2736 671 2770 omnia
703 2737 831 2774 Paris.
1006 2736 1042 2773 9.
1077 2735 1282 2770 uulscorum
1318 2735 1446 2777 (Par.)

103 2792 354 2827 ethruscorum
387 2792 520 2838 Reffl'n.
634 2833 637 2835 ,
699 2792 733 2827 9.
769 2792 830 2829 10.
863 2791 1081 2840 rcgcluoetur
1118 2791 1245 2827 Paris.
1419 2796 1617 2838 exequutus

103 2846 228 2883 Paris.
