1884 3213
256 232 374 261 (mxx
591 220 655 251 DE
682 218 993 250 sclur'rouvln
1019 218 1145 251 ΥΙΤΙῠ1
1171 217 1232 249 ΕΤ
1259 216 1474 249 SCRIP'HS

255 341 445 382 gerentur
495 341 529 371 ut
566 334 770 371 Charisius
803 332 996 371 Sisennae
1028 333 1271 371 Milesiarum
1303 331 1432 369 solum
1465 332 1629 369 tertium
1670 330 1778 369 deciu

258 415 361 440 mum
397 401 543 439 librum
576 399 781 451 laudauitfl,
815 413 940 452 neque
972 400 1212 452 persuadere
1246 400 1344 438 milii
1376 412 1550 451 possum,
1583 399 1777 450 quinqua-

255 472 363 519 ginta
396 471 604 507 minimum
636 480 831 507 annorum
863 480 927 506 res
958 482 979 507 a
1001 468 1136 507 Cassio
1168 469 1220 507 ita
1244 472 1440 507 coartatas
1471 480 1570 510 esse,
1605 471 1646 504 ut
1667 467 1779 518 quasi

256 537 450 588 appendix
484 536 557 575 sub
591 536 686 574 belli
708 535 851 574 Punici
883 538 1121 587 posterioris
1155 537 1417 587 inscriptione
1449 535 1631 578 laterent,
1664 546 1777 584 prae-

256 607 391 643 sertim
425 618 513 643 eum
546 617 618 655 per
650 616 772 642 anuos
812 604 990 654 singulos
1022 604 1192 655 amplior
1224 605 1259 642 ei
1293 607 1568 641 succresceret
1600 602 1777 640 materia.

255 672 400 723 ‹piibus
439 672 485 710 de
525 673 656 711 causis
698 673 745 710 l'r.
779 669 846 710 37.
880 669 947 710 38.
981 669 1036 710 39
1075 684 1154 710 nou
1194 684 1240 710 ex
1279 676 1419 723 quarto
1459 670 1528 709 sed
1568 682 1614 708 ex
1646 669 1777 713 libris,

255 742 320 791 qui
354 746 441 791 post
474 745 657 791 quaruun
690 744 816 784 erant,
851 744 1005 791 sumpta
1037 752 1123 778 esse
1155 752 1313 778 censeo,

367 820 537 858 Deduxit
575 825 705 858 autem
738 818 897 857 Cassius
936 831 1001 857 res
1033 831 1053 857 a
1092 820 1253 869 generis
1294 818 1424 857 ltalici
1465 818 1668 869 principe,
1709 816 1776 855 Sa-

257 894 373 925 turno
408 886 469 926 (fr.
507 886 597 939 111),
631 888 780 938 eisque,
813 899 912 938 quae
945 892 1033 925 aute
1065 887 1229 925 Romam
1262 886 1462 925 conditam
1501 889 1634 935 gestae
1673 889 1777 928 sunt,

256 961 380 994 totum
413 956 561 994 librum
595 957 769 1006 primum
801 955 1019 1006 conpleuit.
1080 955 1134 993 Ex
1169 955 1227 992 eis
1258 954 1428 1005 populis,
1462 955 1529 1005 qui
1561 960 1650 992 aute
1680 952 1777 990 Tro·
1831 971 1835 975 Δ

257 1025 366 1061 iauos
406 1024 560 1062 Latium
601 1023 889 1067 obtinuissent,
931 1024 1049 1062 etiam
1092 1022 1248 1061 Siculos
1289 1021 1337 1060 ab
1377 1034 1423 1060 eo
1462 1025 1779 1060 comuemoratos

256 1104 340 1129 usse
374 1096 408 1129 et
442 1092 599 1130 Ariciae
633 1091 975 1142 Crustumeriispie
1015 1091 1192 1141 origines
1223 1090 1270 1128 ad
1310 1102 1377 1128 eos
1416 1089 1560 1128 relatas
1593 1101 1637 1127 ex
1671 1089 1720 1127 sr.
1753 1086 1779 1125 2

256 1166 288 1196 et
324 1157 349 1197 3
382 1159 587 1197 discimus.
649 1172 777 1210 neque
810 1164 940 1198 tamen
973 1164 1032 1197 est
1064 1170 1247 1197 curcum
1280 1157 1524 1196 Schmittero
1558 1154 1608 1207 (p.
1635 1153 1697 1207 18)
1732 1168 1778 1194 ex

256 1228 419 1265 Graecis
451 1226 679 1265 Siculorum
713 1226 945 1265 nominibus
977 1226 1244 1276 conligamus,
1278 1225 1380 1277 apud
1412 1225 1590 1264 Cassium
1622 1223 1779 1262 Siculos

256 1307 275 1330 υ
300 1295 465 1332 Graecia
499 1294 691 1333 oriundos
724 1295 848 1334 fuisse
879 1294 995 1333 —id
1028 1294 1130 1345 quod
1164 1307 1183 1333 a
1216 1293 1325 1332 nullo
1357 1294 1554 1344 scriptore
1587 1291 1778 1330 traditum

255 1368 310 1400 est
343 1385 398 1388 ᾖ
429 1362 645 1413 eademque
684 1375 774 1400 eum
816 1362 862 1401 de
902 1362 1051 1400 Siculis
1092 1362 1275 1400 doe-uisse
1314 1374 1414 1412 quae
1455 1361 1522 1399 alii
1562 1361 1779 1410 scriptores

254 1429 300 1467 (1(·
331 1429 632 1479 Aboriginilms.
696 1431 815 1468 immo
856 1429 957 1467 nihil
1000 1428 1131 1468 obstat
1176 1430 1389 1480 quominus
1435 1429 1553 1467 etiam
1601 1428 1779 1467 Cassium

256 1498 461 1548 uulgarem
487 1499 726 1537 sententiam
759 1503 938 1536 secutum
971 1510 1056 1536 esse
1089 1510 1335 1541 censeamus,
1369 1510 1444 1548 qua
1477 1496 1685 1546 indigenas
1716 1496 1777 1535 Si-

255 1566 364 1603 culos
404 1567 527 1604 fuisse
567 1565 821 1604 credebatur.
884 1578 955 1603 nec
992 1567 1123 1603 miuus
1156 1570 1305 1603 temere
1337 1564 1384 1603 ab
1417 1563 1683 1613 Hertzbergio
1718 1562 1780 1612 (de

254 1635 315 1670 (lis
348 1634 459 1671 Rom.
487 1638 599 1682 patr.
634 1646 671 1684 p.
704 1631 771 1684 37)
813 1634 1040 1671 coniectum
1081 1638 1160 1677 est,
1202 1637 1243 1671 ut
1282 1632 1499 1671 secundum
1542 1631 1777 1670 Sallustium

256 1700 389 1738 stlatil.
423 1698 469 1744 6,
507 1699 570 1751 11,
612 1702 664 1738 ita
704 1702 822 1739 etiam
862 1700 1080 1739 seeundum
1121 1701 1297 1739 Cassium
1338 1700 1501 1739 Romam
1542 1699 1660 1750 paulo
1692 1703 1780 1750 post

254 1769 411 1805 Troiam
445 1767 613 1806 deletam
645 1768 845 1806 conditam
879 1781 978 1806 esse.
1042 1781 1088 1806 ne
1122 1768 1241 1806 liuius
1272 1768 1434 1819 quidem
1466 1768 1686 1805 sententiae
1719 1766 1777 1804 ul-

257 1835 334 1873 lum
368 1841 520 1873 ‹wrtum
555 1837 766 1885 u‹1·stigiun¹
801 1832 1018 1887 adparet&

368 1915 500 1953 Altero
531 1915 636 1952 libro
659 1916 830 1959 Catsmis,
866 1921 906 1953 ut
929 1915 1102 1959 uidetur,
1137 1920 1360 1966 temporum
1391 1916 1586 1953 rationem
1619 1919 1779 1952 secutus

273 1984 319 2020 t'r.
353 1979 419 2018 ‘201
454 1982 610 2019 Romuli
645 1983 834 2033 llemique
868 1995 930 2021 res
970 1984 1170 2033 pertexuit
1204 1981 1266 2032 (fr.
1303 1981 1366 2033 11)
1401 1987 1438 2020 et
1472 1983 1680 2020 minimum
1714 1994 1776 2019 us-

255 2063 329 2100 qu<-
363 2049 408 2086 ad
444 2049 583 2087 urbem
616 2064 633 2087 a
658 2050 781 2087 Gallis
815 2056 1087 2101 recuperatam
1122 2055 1200 2094 aut,
1234 2052 1264 2088 si
1299 2055 1407 2088 recte
1437 2049 1483 2087 de
1518 2051 1565 2088 fr.
1588 2046 1640 2087 21
1676 2048 1776 2087 iudi-

256 2122 385 2154 catum
419 2122 496 2157 est,
532 2129 654 2167 usque
687 2117 731 2154 ad
760 2130 792 2155 a.
826 2115 921 2155 2><‹‘›.
953 2115 1036 2155 474
1069 2119 1266 2168 peruenit.
1330 2129 1513 2167 maguum
1555 2118 1677 2163 igitur
1710 2129 1776 2154 au-

258 2197 396 2221 uurum
429 2185 621 2234 spatium,
662 2184 764 2234 quod
798 2185 935 2223 Liuius
968 2187 1032 2223 uix
1066 2186 1224 2229 decem,
1265 2186 1423 2223 Cassius
1455 2184 1529 2223 lioc
1562 2196 1639 2222 uuo
1671 2183 1776 2222 libro

256 2257 313 2288 est
353 2251 588 2301 conplexus,
630 2257 689 2294 ut,
730 2254 762 2289 si
801 2252 959 2302 quidem
1001 2259 1134 2292 cetera
1175 2266 1252 2291 non
1291 2254 1421 2291 minus
1461 2251 1648 2290 adcurate
1688 2264 1776 2302 per-

348 2440 370 2481 1)
398 2441 566 2472 Forsitan
600 2441 635 2471 in
667 2441 723 2471 his
756 2443 861 2473 rebus
893 2443 1085 2475 Euhemeri
1118 2443 1323 2474 Enniauam
1357 2443 1557 2475 doctrinam
1588 2442 1778 2484 amplexus

254 2499 311 2531 sit,
361 2497 403 2528 ef.
431 2497 540 2527 Ennii
566 2496 715 2528 Euhem.
744 2497 785 2527 fr.
811 2499 830 2527 6
857 2508 888 2538 p.
917 2500 967 2538 17,
998 2500 1012 2529 1
1041 2499 1146 2531 Vahl.
1173 2498 1230 2539 (=
1256 2500 1426 2532 Laetant.
1452 2498 1524 2529 diu.
1551 2498 1636 2529 inst.
1663 2499 1676 2529 1
1708 2497 1774 2538 14).

256 2559 338 2595 post
365 2553 525 2585 Cassium
555 2552 681 2585 eadem
707 2552 750 2584 de
777 2554 933 2585 Saturno
960 2554 1085 2586 docuit
1111 2555 1235 2587 Varro.
1285 2555 1330 2590 cf.
1362 2555 1535 2586 Lactant.
1569 2555 1654 2586 inst.
1680 2555 1695 2585 I
1725 2555 1775 2589 13.

255 2610 413 2641 Macrob,
441 2612 508 2641 sat.
534 2609 550 2640 Ι
575 2611 606 2649 7,
632 2610 684 2640 21.
733 2608 837 2641 Ouid.
865 2609 950 2641 fast.
977 2611 993 2642 Ι
1017 2612 1093 2643 233.

343 2677 370 2717 2)
398 2675 496 2708 Caue
523 2680 647 2708 tamen
667 2678 793 2708 contra
810 2676 1088 2718 Hertzbergium
1114 2678 1158 2710 fr.
1177 2679 1198 2711 8
1222 2677 1397 2720 proferas.
1447 2677 1526 2710 sola
1545 2677 1638 2709 enim
1664 2677 1777 2709 uerba

254 2735 350 2764 annis
374 2736 449 2774 plns
473 2738 599 2764 eentum
625 2737 724 2774 atque
748 2736 930 2773 scammum
960 2737 1037 2773 pose
1069 2734 1185 2765 bellum
1216 2734 1393 2766 Troianum
1418 2733 1613 2765 Homerum
1641 2736 1678 2764 et
1703 2733 1774 2764 He-

255 2789 392 2819 siodum
419 2789 555 2822 uixisse
582 2788 700 2820 Cassii
727 2797 806 2819 esse
830 2787 1009 2819 uidentur.
1059 2792 1143 2820 aute
1174 2790 1320 2821 Romam
1352 2789 1535 2821 conditam
1568 2788 1692 2820 Siluiis
1719 2799 1773 2820 re—

256 2845 452 2885 gnantibus
480 2856 541 2876 eos
566 2845 703 2876 uixisse
729 2844 868 2876 Gellius
894 2843 938 2876 de
963 2855 1028 2875 suo
1056 2844 1209 2886 addidit,
1236 2856 1354 2887 neque
1375 2846 1445 2876 erit
1462 2854 1609 2877 neeesse
1629 2847 1774 2886 propter

255 2900 386 2932 Siluios
413 2911 491 2932 cum
518 2901 740 2933 Mommseno
766 2900 922 2933 chronol.
952 2911 983 2942 p.
1012 2901 1073 2931 15²2
1100 2911 1132 2932 n.
1160 2902 1225 2933 ⁶295
1253 2901 1296 2933 de
1323 2901 1394 2932 alio
1420 2901 1546 2934 Cassio
1571 2901 1743 2941 cogitare.
