1884 3213
217 193 394 224 ccxvlll
524 183 590 215 DE
617 181 931 214 SCRIPTORVM
957 180 1083 213 VlTIS
1109 180 1173 213 ΕΤ
1200 180 1420 213 SCRIPTIS

217 311 417 351 perpauca
452 297 677 347 breuesque
709 296 932 334 sententiae
964 300 1131 339 exstant,
1165 299 1209 332 ut
1239 293 1287 332 de
1318 306 1506 343 genere
1538 294 1747 333 dicendi

216 364 553 418 aequiescvndum
585 365 669 403 sere
708 364 759 402 sit
791 365 849 402 eis
880 375 979 414 quae
1013 363 1153 402 Cicero
1191 363 1413 414 proposuit.
1474 363 1542 413 qui
1574 363 1747 413 scriptor

215 446 359 473 uereor
390 445 453 477 ne,
485 437 529 471 ut
552 432 599 470 de
631 430 840 483 prioribus
872 432 1051 482 iniquius
1074 432 1330 476 existimauit,
1364 432 1417 469 ita
1450 431 1568 469 huius
1598 432 1747 469 nimius

216 502 396 542 laudator
428 501 562 539 fuerit.
611 500 685 538 hac
717 500 823 538 enim
856 500 1046 550 opinione
1069 498 1294 538 ducebatur
1315 498 1467 543 Cicero,
1501 503 1545 537 ut
1575 499 1746 537 oratoris

214 582 358 609 munus
391 581 476 608 esse
508 568 718 607 historiam
742 572 925 606 censeret
957 567 1005 605 ah
1038 566 1268 606 oratoribus
1289 567 1509 606 secundum
1539 566 1747 605 rhetorum

214 642 427 690 praecepta
459 635 727 675 scribendam.
789 647 906 686 quam
938 634 988 673 ob
1028 648 1114 674 rem
1152 635 1271 674 facile
1304 635 1485 674 accidere
1528 636 1565 674 ei
1603 636 1745 686 potuit,

217 712 255 744 ul
289 706 416 749 hunc,
452 706 492 743 in
525 716 602 756 quo
635 705 733 748 eius,
768 716 884 755 quam
917 705 1050 742 animo
1082 704 1390 747 insormauerat‚
1431 702 1624 742 historiae
1663 704 1743 754 pri-¹

216 774 367 812 lnordia
410 774 612 811 inuenisse
650 771 730 810 sibi
769 773 881 810 uisus
919 776 1022 816 crat,
1065 772 1252 810 inmerito
1292 771 1485 810 laudaret.
1547 771 1614 809 sed
1660 772 1745 822 ipsa

217 842 421 880 Ciceronis
460 840 626 885 iudicia,
669 839 815 891 quibus
855 839 975 879 addas
1006 841 1055 879 fr.
1092 838 1136 884 l,
1176 838 1463 878 adscribamus.
1525 843 1617 877 sunt
1648 838 1745 877 haec

216 910 261 947 (1(Ι
295 910 396 959 legg.
430 908 444 947 l
476 907 522 953 2,
555 906 599 947 6:
640 908 793 947 Fannii
828 912 961 946 aetate
997 909 1231 947 coniunctus
1261 908 1476 956 Antipater
1508 908 1636 956 paulo
1679 908 1745 945 in—

211 979 329 1025 slauit
358 977 627 1015 uehementius
656 976 872 1025 habuitque
901 977 1011 1015 uires
1031 977 1201 1025 ayrestis
1231 977 1296 1014 ille
1323 976 1481 1024 quidem
1503 979 1623 1024 atque
1651 975 1744 1014 hor-

215 1046 343 1089 ridas,
388 1047 474 1084 sine
511 1047 639 1084 nitore
677 1055 727 1084 ae
760 1045 990 1093 palaestra,
1039 1045 1110 1082 secl
1146 1047 1278 1082 tamen
1317 1044 1534 1082 admonere
1571 1044 1746 1092 reliquos

212 1114 353 1162 potuit,
386 1118 428 1151 ut
458 1114 695 1152 ttdeuratius
724 1114 957 1152 scriberent.
1018 1112 1064 1150 de
1097 1117 1196 1151 orat.
1229 1111 1264 1150 II
1298 1109 1368 1156 12,
1400 1108 1473 1150 54:
1513 1111 1745 1150 Paullulum

215 1192 256 1219 se
286 1182 417 1220 erexit
447 1186 485 1219 et
515 1181 676 1220 ceadicta
705 1181 896 1219 historiae
925 1182 1117 1219 maiorem
1156 1190 1295 1219 sonum
1324 1181 1435 1218 uocis
1464 1180 1530 1217 uir
1560 1179 1741 1228 optimus,

218 1249 357 1288 Crassi
378 1248 626 1297 familiaris,
661 1250 889 1298 Antipater.
950 1250 1074 1288 ceteri
1101 1259 1178 1287 non
1216 1251 1480 1286 exornatores
1510 1257 1646 1286 rerum
1675 1247 1748 1286 sed

215 1320 368 1356 tantum
399 1317 515 1356 modo
546 1322 781 1356 narratores
808 1317 990 1364 fuerunt.
1052 1317 1142 1360 Est,
1175 1317 1302 1364 inquit
1334 1316 1514 1360 Catulus,
1555 1320 1597 1353 ut
1628 1315 1742 1361 dicis,

215 1386 286 1423 sed
314 1386 386 1423 iste
415 1386 499 1434 ipse
530 1386 683 1424 Coelius
713 1397 840 1434 neque
871 1385 1056 1424 distinxit
1084 1385 1296 1423 historiam
1335 1385 1536 1422 uarietate
1566 1384 1744 1422 locorum

215 1464 342 1501 neque
372 1453 583 1493 uerborum
613 1455 877 1493 collocatione
907 1458 944 1491 et
975 1457 1109 1491 tractu
1139 1452 1337 1490 orationis
1366 1452 1448 1490 leni
1475 1455 1513 1489 et
1544 1451 1747 1500 aequabili

212 1522 433 1570 perpoliuit
462 1522 566 1560 illucl
596 1533 717 1571 opus;
754 1522 825 1560 sed
854 1525 896 1559 ut
925 1521 1038 1559 homo
1075 1530 1201 1567 neque
1231 1519 1369 1558 doctus
1407 1530 1532 1567 neque
1571 1520 1745 1557 maxime

216 1594 335 1638 aptus
365 1589 422 1627 ad
452 1589 684 1633 (licendum,
715 1591 820 1628 sicut
846 1590 988 1637 potuit,
1023 1589 1199 1631 dolauit;
1240 1588 1336 1627 uicit
1364 1592 1516 1635 tamen,
1558 1591 1600 1624 ut
1629 1588 1742 1631 dicis,

215 1658 453 1706 superiores.
514 1657 623 1695 Brut.
656 1654 731 1701 26,
767 1653 864 1694 102:
906 1657 948 1694 L.
983 1657 1136 1694 Coelius
1166 1656 1379 1704 Antipater
1408 1656 1596 1705 scriptor,
1628 1666 1742 1704 quem

216 1726 273 1763 acl
300 1725 459 1763 modum
490 1726 654 1774 uidetis,
681 1723 768 1771 fuit
798 1730 840 1763 ut
869 1725 946 1763 illis
977 1724 1219 1772 temporibus
1248 1724 1482 1762 luculentus.
1542 1722 1743 1762 Accedant

217 1792 264 1830 ad
297 1792 418 1830 haece
451 1791 656 1831 Cicermns
689 1791 765 1830 duo
797 1792 1010 1830 Frontonis
1042 1791 1208 1836 iudicia,
1244 1803 1414 1843 quorum
1447 1803 1525 1829 uno
1559 1789 1621 1841 (ad
1651 1790 1739 1829 Ver.

216 1860 231 1898 l
252 1859 271 1898 1
291 1857 420 1911 p.114
438 1859 517 1898 uid.
531 1859 899 1911 p.CLXXXXVHII)
919 1861 1107 1899 Catonem
1122 1860 1359 1910 multiiugis,
1373 1859 1551 1897 Coelium
1572 1858 1743 1909 singulis

218 1926 356 1966 uerbis
388 1927 596 1966 historiam
628 1929 837 1981 scripsisse
869 1929 935 1972 ait,
970 1928 1095 1967 altero
1129 1927 1189 1979 (ad
1221 1928 1269 1966 M.
1303 1927 1412 1966 Caes,
1446 1926 1516 1965 1111
1547 1924 1573 1965 3
1604 1939 1642 1978 p.
1673 1923 1739 1977 63)

218 1997 257 2034 in
281 2009 326 2034 eo
350 2000 533 2034 ueterum
555 1998 798 2048 scriptorum
822 2009 1001 2040 numero,
1035 1998 1103 2048 qui
1128 1994 1249 2034 uerba
1283 1995 1592 2033 ‘industriosius
1622 2006 1740 2045 quae-

217 2065 428 2102 siuissent’
470 2065 589 2103 etiam
628 2064 669 2102 L.
703 2064 881 2102 Coelium
896 2061 921 2114 ¹)
966 2066 1099 2115 posuit
1129 2076 1298 2115 eumque
1330 2062 1434 2114 quod
1465 2061 1640 2101 studiose
1662 2061 1739 2101 En-

219 2133 327 2170 nium
360 2131 580 2171 aemulatus
612 2138 715 2170 esset
748 2132 937 2170 laudauit.

328 2200 453 2250 Atque
487 2200 582 2239 haec
615 2200 772 2251 quidem
807 2200 997 2238 lun-tenus
1030 2200 1077 2238 de
1109 2200 1195 2238 eius
1225 2210 1371 2249 genere
1402 2196 1616 2241 scribendi,
1650 2209 1740 2236 nam

219 2269 258 2305 in
292 2272 395 2305 tanta
439 2268 657 2307 uerborum
689 2268 968 2306 Coelianorunl
1008 2264 1246 2319 paucitate2)
1281 2268 1410 2318 ipsum
1451 2266 1497 2304 de
1529 2278 1573 2304 ea
1606 2277 1647 2303 re
1680 2266 1738 2303 iu-

218 2335 365 2373 ‹lis-ium
406 2338 536 2374 facere
580 2337 780 2374 temerarii
821 2341 892 2374 est.
956 2335 1053 2374 illud
1095 2347 1218 2373 unum
1257 2334 1414 2373 adicere
1452 2345 1684 2386 possumus,
1718 2346 1738 2371 a

218 2403 350 2442 Coelio
390 2405 582 2454 primum,
626 2409 667 2441 ut
707 2401 930 2455 uidetur³³l5
979 2405 1180 2442 orationes
1218 2404 1328 2442 fictas
1368 2401 1415 2441 de
1455 2401 1737 2440 historicorum

310 2548 333 2590 ¹)
365 2549 472 2581 Hunc
503 2549 544 2583 L.
571 2548 735 2581 Coelium
766 2549 888 2581 Naber
919 2550 956 2581 in
987 2549 1108 2582 indice
1141 2561 1174 2592 p.
1201 2550 1267 2581 269
1299 2552 1442 2591 poetam
1476 2547 1538 2579 uix
1563 2549 1660 2579 recto
1685 2546 1736 2578 di-

217 2605 323 2640 xerit,

307 2660 334 2703 ²)
366 2662 436 2694 Vix
468 2662 562 2694 enim
595 2661 693 2704 apud
724 2660 937 2693 Ciceronem
972 2662 1088 2703 ipsum
1114 2661 1279 2694 Coelium
1311 2661 1348 2692 in
1378 2660 1507 2702 paucis
1536 2659 1659 2692 uerbis
1683 2659 1737 2691 in-

218 2721 397 2751 mutatum
423 2718 591 2760 legimus,
618 2717 712 2760 quod
739 2717 808 2750 sibi
835 2718 1019 2759 persuasit
1044 2717 1198 2750 Meltzer
1224 2729 1256 2760 p.
1283 2719 1336 2749 43.

307 2774 334 2815 ³)
368 2776 448 2814 Qua
480 2775 623 2808 ratione
655 2775 817 2806 Fannius
850 2784 938 2816 quas
970 2774 1126 2806 inseruit
1158 2774 1350 2806 annalibus
1383 2773 1568 2805 orationes
1600 2774 1735 2804 tracta-

217 2832 330 2870 uerit‚
364 2841 489 2873 parum
523 2834 676 2864 constat.
723 2831 848 2873 utique
881 2829 1012 2862 Cicero
1050 2831 1128 2862 eius
1164 2829 1336 2862 historias
1373 2828 1484 2862 multo
1527 2828 1735 2870 postposuit

218 2885 354 2920 Coelio.
