1884 3213
378 178 420 218 Q.
447 174 580 211 FABII
605 177 830 212 PICTORIS
857 178 1081 213 GRAECAE
1107 179 1370 214 HISTORIAE
1577 181 1630 223 21

220 289 266 340 (C.
300 289 382 343 39.)
423 288 569 343 Μέχρι
605 289 688 343 μὲν
726 289 780 344 δὴ
819 289 991 331 τούτων
1037 291 1343 345 συμφέρονται
1388 293 1551 344 πάντες
1589 295 1638 335 οἱ

97 354 323 411 Ῥωμαίων
367 365 664 410 συγγραφεῖς,
714 357 763 399 ἐν
803 358 850 399 δὲ
890 364 981 407 τοῖς
1017 356 1209 411 ὕστερον
1253 360 1510 415 λεγομένοις
1549 360 1630 416 οὐχ

103 422 386 477 ὁμολογοῦσι.
446 425 653 478 <sequitur
683 428 836 466 Pisonis
866 430 1052 467 narratio
1077 429 1139 475 fr.
1161 426 1234 480 5.>
1265 427 1311 467 οί
1338 427 1387 469 δὲ
1418 427 1520 483 περὶ
1549 429 1629 471 τὸν

104 491 278 545 Φάβιόν
307 507 353 533 τε
385 492 456 533 καὶ
500 494 689 545 Κίγκιον
720 490 856 534 οὐδὲν
901 495 1079 534 τοιοῦτο
1122 494 1357 547 γεγονέναι
1401 495 1626 550 λέγουσιν,

72 556 218 604 5ἀλλά
249 556 443 613 φυλάξαι
484 556 566 614 τήν
598 561 739 614 κόρην
770 560 1136 614 διαβεβαιοῦνται
1166 559 1243 610 τὰς
1272 562 1375 616 περὶ
1405 564 1482 617 τῆς
1511 577 1625 617 προ-

102 627 255 675 δοσίας
293 626 539 682 συνθήκας.
601 625 654 668 τὰ
691 624 733 667 δ’
772 625 868 680 ἑξῆς
906 625 1097 677 ἅπαντες
1135 628 1272 670 πάλιν
1311 627 1472 684 ὁμοίως
1509 630 1626 685 γρά-

101 705 263 748 φουσι·
295 695 407 748 φασὶ
446 693 531 748 γὰρ
572 693 640 736 ὅτι
678 694 1048 750 παραγενομένου
1079 694 1167 736 σύν
1197 698 1259 751 τῷ
1290 699 1511 752 κρατίστῳ
1549 702 1626 753 τῆς

101 764 308 814 στρατιᾶς
336 761 458 816 μέρει
495 764 575 803 τοῦ
604 762 821 815 βασιλέως
857 764 947 804 τῶν
979 765 1193 817 Σαβίνων
1231 764 1519 815 φυλάττουσα
1549 764 1625 815 τὰς

98 827 358 883 ὑποσχέσεις
387 827 412 883 ἡ
443 829 637 885 Τάρπεια
668 837 760 879 τοῖς
780 830 862 884 μὲν
893 832 1119 885 πολεμίοις
1145 829 1309 887 ἀνέῳξε
1329 830 1412 887 τὴν
1443 843 1623 887 συγκει--

54 919 85 942 10
101 898 239 951 μένην
275 897 464 951 πυλίδα,
503 895 606 947 τοὺς
644 896 685 938 δ’
720 897 770 939 έν
807 901 868 953 τῷ
906 901 1053 954 χωρίῳ
1092 899 1297 953 φύλακας
1333 897 1624 955 ἀναστήσασα

99 965 342 1018 διαταχέων
363 965 519 1017 σώζειν
550 964 736 1015 ἑαυτούς
755 962 882 1019 η’ξίου
905 965 1014 1008 καθ’
1048 966 1198 1021 ἑτέρας
1224 967 1407 1018 ἐξόδους
1427 973 1519 1018 τοῖς
1539 983 1622 1011 πο-

98 1034 265 1086 λεμιόις
295 1030 496 1087 ἀφανεῖς,
529 1031 587 1083 ὠς
617 1032 897 1087 κατεχόντων
926 1032 1013 1088 ἤδη
1040 1033 1128 1076 τῶν
1151 1036 1365 1089 Σαβίνων
1394 1034 1445 1078 τὸ
1476 1037 1623 1091 φρού-

99 1115 216 1155 ριον·
250 1100 567 1154 διαφυγόντων
598 1100 647 1142 δὲ
678 1101 851 1143 τούτων
881 1099 986 1151 τοὺς
1015 1100 1099 1155 μὲν
1132 1104 1361 1156 Σαβίνους
1391 1099 1616 1160 ἀνεῳγμέ-

99 1183 177 1217 νας
207 1165 423 1221 εὑρόντας
451 1169 528 1218 τας
559 1167 703 1218 πύλας
733 1176 970 1223 κατασχεῖν
1001 1169 1050 1211 τό
1079 1169 1303 1225 φρούριον
1334 1172 1501 1226 ἔρημον
1531 1174 1621 1213 τῶν

52 1257 83 1282 15
101 1234 333 1289 φυλάκων,
365 1234 447 1290 τήν
468 1235 517 1278 δὲ
545 1236 771 1290 Τάρπειαν
802 1233 861 1285 ὠς
881 1235 934 1277 τά
966 1235 1071 1292 παρ’
1106 1237 1264 1292 ἑαυτῆς
1295 1235 1379 1281 ὅσα
1401 1238 1619 1281 συνέθετο

95 1302 436 1357 παρεσχημένην
474 1302 630 1354 ἀξιοῦν
668 1301 771 1353 τοὺς
801 1302 994 1358 μισθοὺς
1024 1308 1100 1359 τῆς
1138 1306 1382 1359 προδοσίας
1412 1305 1486 1347 καὶ
1515 1305 1620 1356 τοὺς

96 1369 260 1424 ὅρκους
290 1368 552 1425 ἀπολαβεῖν.

207 1439 268 1491 (c.
300 1438 368 1481 40.
409 1453 492 1491 seq.
525 1443 656 1481 Pe'son.
693 1442 752 1490 fr.
784 1440 856 1494 5.>
908 1439 955 1481 οἱ
988 1440 1035 1481 δὲ
1075 1442 1176 1493 περὶ
1214 1440 1294 1483 τὸν
1333 1440 1507 1496 Φάβιον
1546 1441 1618 1484 ἐπὶ

94 1513 185 1555 τοῖς
207 1507 420 1560 Σαβίνοις
450 1508 630 1548 ποιοῦσι
662 1505 743 1561 τήν
773 1509 864 1549 τῶν
886 1505 1136 1562 ὁμολογιῶν
1166 1507 1363 1563 ἀπάτην·
1397 1509 1500 1551 δέον
1530 1508 1616 1564 γὰρ

48 1570 262 1623 20a13101313
291 1571 369 1615 τὸν
399 1572 590 1628 χρυσὸν,
629 1572 780 1629 ὥσπερ
810 1572 836 1629 ἡ
877 1574 1071 1629 Τάρπεια
1101 1574 1228 1630 ἠξίου
1259 1575 1370 1618 κατὰ
1400 1576 1477 1627 τοὶς
1507 1575 1615 1632 ὁμο-

94 1643 245 1695 λογίας
274 1639 562 1694 ἀποδιδόναι,
602 1644 953 1695 χαλεπαίνοντας
992 1642 1064 1684 ε’πὶ
1103 1647 1164 1699 τῷ
1202 1644 1383 1698 μεγέθει
1422 1648 1503 1686 τοῦ
1541 1662 1611 1699 μι-

94 1710 212 1750 σθοῦ
232 1707 285 1750 τα
309 1710 612 1764 σκεπαστήρια
634 1709 734 1751 κατ’
767 1708 903 1764 αὐτῆς
923 1712 1096 1764 βαλεῖν,
1130 1708 1189 1760 ὠς
1209 1714 1347 1753 ταῦτα
1372 1710 1441 1753 ὅτε
1462 1711 1615 1767 ὤμνυ-

93 1787 178 1817 σαν
208 1774 320 1831 αὐτῇ
351 1776 513 1818 δώσειν
543 1775 893 1831 ὑπεσχημένους.
927 1779 1034 1832 (369.
1058 1782 1191 1821 Ρῖεοη.
1219 1781 1280 1829 fr.
1304 1780 1373 1834 5.)

92 1963 193 1991 lunt:
234 1970 316 1991 nun
353 1962 475 1999 scuta,
512 1959 549 1990 id
587 1962 644 1992 est
680 1960 910 1992 sinim-amm
947 1964 1113 1993 οιἫιῖιιιη
1146 1972 1255 2003 super
1291 1961 1393 1993 illam
1430 1962 1613 1995 iacientes

93 2016 172 2037 eam
197 2004 277 2036 luce
303 2005 515 2056 priuaMuut
555 2015 646 2046 quae
678 2005 758 2037 illic
789 2006 934 2048 sepulta
960 2006 1141 2047 Tarpeiae
1168 2006 1246 2039 sedi
1271 2017 1402 2039 nomen
1426 2007 1612 2059 imposuit.

92 2052 177 2083 Plut
206 2050 296 2083 Rom.
326 2052 383 2083 17:
404 2043 467 2082 Ἐν
491 2062 518 2094 ῳ
541 2048 608 2099 (τω
634 2050 878 2096 Καπιτωλίῳ)
905 2062 1054 2092 φρουρα
1080 2045 1330 2103 καθειστήκει
1363 2050 1428 2085 καὶ
1459 2048 1593 2104 Ταρπή

92 2100 148 2133 ἰὀς
173 2089 324 2148 ᾑγεμών
349 2089 480 2146 αὐτῆς,
507 2088 601 2145 οὐχὶ
623 2094 801 2145 Ταρπηΐα
825 2085 1039 2147 παρθένος,
1071 2093 1121 2134 ὡς
1148 2093 1243 2129 ε”νιοι
1270 2093 1457 2148 λέγουσιν,
1484 2093 1610 2140 εὐήθη

91 2151 156 2172 τον
174 2135 364 2181 Ρωμόλον
390 2134 720 2178 αποδεικνυοντες.
769 2134 866 2173 ἀλλα
883 2136 1059 2194 θυγάτηρ
1084 2138 1106 2184 ἡ
1130 2140 1310 2184 Ταρπηΐα
1336 2139 1403 2174 τοῦ
1428 2153 1610 2193 αρχοντος

92 2182 188 2217 οὐσα
212 2170 410 2236 προῦδωκε
436 2187 515 2223 τοῖς
541 2185 736 2238 Σαβίνοις,
766 2181 1043 2237 έπιθυμήσασα
1067 2186 1141 2219 τῶν
1173 2196 1318 2229 χρυσων
1345 2182 1610 2238 βραχιονιστή-

92 2241 178 2272 ρων,
206 2241 272 2267 ους
299 2226 379 2262 εἶδε
404 2228 709 2280 περικειμένους,
741 2230 805 2264 καὶ
830 2225 945 2274 ῄτησε
970 2225 1115 2284 μισθὸν
1139 2243 1205 2274 της
1223 2231 1458 2280 προδοσίας,
1490 2225 1514 2264 ὁὶ
1540 2243 1610 2274 φο-

90 2277 194 2324 ροῖεν
220 2269 260 2307 ἐν
294 2277 376 2312 ταῖς
407 2269 622 2329 ἀριστεραῖς
655 2275 779 2318 χερσί·
809 2273 1057 2327 συνθεμένου
1095 2273 1138 2309 δε
1175 2287 1243 2309 του
1285 2276 1428 2309 Τατίου
1465 2271 1609 2329 νύκτωρ

92 2314 279 2360 ἀνοίξασα
303 2314 442 2373 πύλην
453 2319 545 2361 μιάν
572 2315 731 2371 ἐδέξατο
756 2316 845 2359 τοὺς
870 2321 1077 2364 Σαβίνους
1128 2333 1172 2354 ου
1205 2316 1320 2371 μόνος
1353 2318 1434 2358 οὐν
1462 2317 1510 2360 ὠς
1537 2320 1608 2356 ἔ-οι

91 2376 168 2404 κεν,
191 2362 395 2413 Ἀντίγονος
421 2361 508 2415 ἔφη
520 2360 776 2407 προδιδόντας
806 2378 877 2417 μεν
903 2368 1049 2417 φιλεῖν
1067 2363 1374 2421 προδεδωκότας
1401 2365 1444 2400 δε
1470 2370 1606 2409 μισεῖν.

91 2429 133 2432 -
150 2421 216 2443 τοι
222 2420 261 2442 το
278 2408 343 2441 καὶ
357 2420 453 2460 προς
470 2404 541 2452 τὴν
561 2409 762 2461 Ταρπηῖαν
786 2406 870 2444 τότε
894 2407 1034 2444 παθὼν
1059 2407 1077 2444 ὁ
1109 2408 1248 2450 Τάτιος
1272 2407 1446 2445 ἐκέλευσε
1469 2423 1607 2467 μεμνη-

90 2452 228 2508 μένους
252 2465 325 2487 των
351 2449 559 2495 ὁμολογιῶν
583 2450 672 2494 τοὺς
698 2455 890 2498 Σαβίνους
921 2451 1088 2510 μηδενὸς
1125 2468 1222 2499 αυτῃ
1259 2457 1439 2498 φθονεῖν,
1478 2468 1530 2489 ων
1567 2469 1608 2490 εν

92 2503 176 2539 ταῖς
201 2495 416 2550 ἀριστεραῖς
441 2509 579 2554 εχουσι.
627 2499 703 2533 Καὶ
735 2499 881 2558 πρῶτος
914 2497 994 2544 ἅμα
1025 2496 1092 2534 τὸν
1117 2500 1414 2556 βραχιονιστῆρα
1440 2502 1506 2552 τῆς
1532 2513 1607 2544 χει-

91 2540 156 2586 ρὸς
180 2539 361 2585 περιελὼν
387 2541 452 2576 καὶ
477 2540 543 2576 τὸν
574 2540 721 2594 θυρεὸν
752 2541 950 2588 ἐπέρριψε.
1004 2542 1160 2580 πάντων
1192 2544 1235 2580 δὲ
1269 2541 1363 2579 αὐτὸ
1394 2542 1606 2580 ποιούντων

91 2588 302 2642 βαλλομένη
330 2586 373 2621 δε
398 2600 447 2632 τῳ
474 2587 595 2635 χρυσῷ
620 2589 685 2622 καὶ
712 2593 1008 2634 καταχωσθεῖσα
1038 2594 1117 2630 τοῖς
1141 2593 1300 2634 θυρεοῖς
1326 2587 1399 2624 ὑπὸ
1427 2588 1605 2634 πλήθους

91 2633 155 2667 καὶ
181 2632 320 2678 βάρους
346 2624 558 2667 απέθανεν.
598 2635 675 2675 (Em
700 2647 738 2668 eo
765 2637 890 2671 Zonm.
922 2637 999 2668 VII
1024 2640 1043 2670 3
1066 2649 1101 2678 p.
1129 2639 1170 2668 12
1195 2638 1266 2678 sp)

205 2806 224 2819 n

203 2820 241 2843 o.
274 2817 310 2840 τε
341 2818 410 2842 om.
454 2805 579 2840 Vrbin.
752 2806 817 2842 ⁶21.
857 2804 1154 2854 χαλεπαίνοντες
1195 2808 1290 2844 Clzz's.
1336 2808 1459 2844 Vrbz'n.
1499 2821 1600 2845 corr.

91 2863 254 2910 Sylburg]
426 2861 490 2898 22.
521 2860 656 2910 βαλεῖν
686 2863 826 2898 Rem-0
884 2859 1042 2910 βάλλειν
1070 2864 1168 2898 libri.

1575 2943 1615 2965 ff,
