1884 3213
91 1681 122 1705 10

92 2017 122 2042 15

519 736 578 790 L.
623 737 857 792 OOELII
899 736 1282 792 ANTIPATRI

240 838 384 877 BELLI
416 838 577 877 Pvniffl
608 838 849 877 Alxrnmvs
880 839 1146 878 lllSTORlAE
1177 839 1240 878 An
1273 840 1312 877 o.
1345 839 1559 878 LAEIJVM

750 949 837 991 EX
874 949 997 992 LIB.
1028 950 1049 991 I

257 1052 297 1092 l.
338 1054 462 1093 Cicer.
506 1059 606 1093 orat.
648 1051 721 1098 69,
761 1051 844 1092 229
887 1054 965 1093 Sed
1004 1065 1185 1104 magnam
1229 1055 1557 1093 exercitationem
1598 1067 1661 1093 res

142 1123 309 1172 flagitat,
351 1134 399 1160 ne
439 1121 533 1171 quid
574 1133 731 1165 eorum,
773 1123 840 1173 qui
879 1134 1004 1172 genus
1042 1122 1116 1161 hoc
1157 1123 1284 1160 secuti
1321 1135 1399 1160 non
1430 1128 1659 1165 tenuerunt,

140 1190 272 1228 simile
304 1190 507 1233 faciamus,
541 1202 589 1227 ne
621 1195 686 1228 aut
719 1189 843 1228 uerba
876 1191 1105 1228 traiciamus
1130 1194 1279 1240 aperte,
1313 1202 1389 1240 quo
1421 1190 1563 1228 melius
1595 1196 1661 1229 aut

142 1257 254 1296 cadat
287 1262 352 1295 aut
375 1256 561 1295 uoluatur
584 1258 731 1301 orati0;
765 1256 869 1309 quod
902 1270 942 1295 sc
964 1257 1006 1295 L.
1031 1257 1185 1297 Caelius
1207 1258 1414 1308 Antipater
1447 1259 1486 1296 in
1518 1270 1660 1309 prooe-

141 1326 220 1363 mio
252 1324 347 1363 belli
380 1324 520 1363 Punici
553 1325 630 1363 nisi
662 1326 889 1364 necessario
922 1326 1121 1364 facturum
1153 1331 1282 1375 negat.
1336 1324 1367 1364 Ο
1400 1326 1532 1364 uirum
1565 1327 1659 1364 sim-

140 1392 304 1443 plicem,
339 1393 404 1444 qui
439 1404 510 1430 nos
542 1392 643 1430 nihil
678 1392 791 1435 celet,
827 1394 1061 1443 sapientem,
1094 1394 1162 1444 qui
1193 1392 1453 1431 seruiendum
1485 1395 1659 1431 necessi-

140 1461 211 1498 tati
249 1460 378 1512 putet!
432 1459 501 1497 sed
549 1459 613 1498 hic
653 1462 813 1498 «1111111110
851 1460 982 1505 rudis;
1033 1460 1148 1500 nohis
1195 1465 1325 1498 autem
1366 1461 1405 1497 in
1446 1460 1659 1499 scribendo

141 1533 257 1579 atque
289 1529 330 1566 in
361 1527 530 1566 (licendo
569 1529 818 1566 necessitatis
850 1530 1054 1567 excusatio
1087 1541 1165 1566 non
1201 1527 1408 1578 probatur.
1470 1527 1570 1566 nihil
1603 1534 1660 1566 est

141 1596 246 1633 enim
278 1607 440 1634 necesse
472 1599 530 1639 ct,
564 1596 595 1633 si
627 1595 721 1646 quid
753 1601 876 1639 esset,
910 1596 947 1634 id
980 1608 1142 1634 necesse
1174 1600 1306 1633 tamen
1339 1607 1417 1633 non
1450 1600 1535 1633 erat
1567 1608 1659 1633 con-

141 1663 257 1701 fiteri.
319 1667 357 1700 et
388 1662 453 1700 hic
484 1662 658 1714 quidem,
691 1664 760 1713 qui
793 1663 892 1702 hanc
926 1677 945 1701 a
977 1663 1125 1707 Laelio,
1160 1662 1206 1700 ad
1237 1675 1355 1714 quem
1387 1663 1561 1713 scripsit,
1595 1665 1660 1701 cui

140 1743 180 1769 se
213 1738 373 1781 purgat,
415 1731 576 1768 ueniam
607 1732 727 1781 petit,
768 1736 805 1769 et
839 1732 964 1769 utitur
1003 1744 1047 1769 ea
1089 1731 1329 1768 traiectione
1371 1729 1590 1768 uerborum
1623 1736 1660 1769 et

140 1797 266 1836 nihilo
298 1803 429 1836 tamen
461 1799 590 1848 aptius
623 1798 753 1849 explet
786 1798 1067 1849 concluditque
1101 1799 1332 1836 sententias.

251 1861 330 1903 2²⁸.
371 1866 568 1904 Pre'sce‘an.
603 1865 709 1903 ΓΠ]
734 1877 778 1914 p.
812 1863 892 1904 792
924 1878 968 1914 p.
1001 1863 1083 1904 383
1116 1866 1165 1903 Il.
1199 1865 1378 1904 Coelius:
1422 1877 1467 1903 ex
1499 1866 1660 1916 scriptis

141 1944 279 1970 eorum
310 1933 379 1983 qui
410 1934 499 1971 ueri
531 1932 791 1971 arbitrantur.

252 1997 295 2039 3.
331 2001 522 2038 Priscian.
556 1999 670 2038 XIII
692 2013 738 2049 p.
771 1997 854 2038 960
883 2001 926 2039 P.
960 2000 1011 2039 II
1031 2012 1074 2049 p,
1108 1998 1133 2038 8
1165 2000 1214 2037 H.
1247 2000 1404 2038 Caelius
1435 2001 1476 2038 in
1508 2000 1542 2037 I:
1586 2000 1658 2038 Ne-

140 2079 215 2117 que
248 2069 323 2118 ipsi
355 2080 422 2105 eos
453 2067 519 2106 alii
551 2068 659 2106 modi
691 2080 776 2106 csse
809 2072 926 2118 atque
958 2068 1133 2106 Amilcar
1165 2067 1286 2112 dixit,
1328 2068 1537 2106 ostendere
1571 2060 1657 2117 pos-

141 2139 232 2172 sunt
263 2134 391 2173 aliter.

231 2300 270 2334 ‘2-
295 2303 467 2343 prooemio
493 2303 643 2334 adtribui
666 2314 735 2334 enm.
761 2303 875 2334 Naum
901 2307 933 2335 el
959 2303 1090 2334 Rothio.

231 2346 270 2379 3.
303 2348 438 2378 Temere
463 2348 576 2378 Nauia
600 2359 633 2388 p.
661 2350 702 2379 22
726 2359 791 2388 pro
817 2347 1023 2380 Hannibal:
1056 2347 1239 2378 Bomilcar
1263 2357 1458 2388 proponens
1482 2348 1529 2378 ml
1552 2348 1656 2386 Syra-

141 2403 291 2423 cusarum
324 2393 525 2423 ohsidionem
557 2393 666 2431 refer!
698 2392 796 2432 (Lim.
826 2393 934 2424 XXV
957 2393 1034 2434 27),
1080 2393 1228 2432 smus-itan
1264 2393 1436 2432 pertineat
1468 2394 1513 2422 ml
1543 2393 1657 2423 bellum

141 2439 299 2468 Punicum
322 2439 461 2478 primum
486 2442 679 2470 artremnm.

257 2581 307 2633 l,
352 2586 411 2621 10.
453 2582 591 2634 Laelio]
631 2586 682 2632 ‘'s-
716 2596 836 2632 supra
873 2598 908 2632 p.
944 2586 1115 2622 CCXVI.
1289 2584 1411 2619 scribit
1455 2585 1559 2620 Esus.
1593 2587 1660 2620 sed

143 2644 179 2675 in
211 2653 331 2688 mary.
364 2642 507 2688 scripsit

255 2691 299 2744 2,
334 2698 396 2733 13.
427 2696 569 2732 Coelius
602 2697 735 2733 Bamb.
760 2699 879 2734 Rern.
904 2699 1019 2734 Halb.
1041 2698 1213 2743 Sangsall.
1247 2697 1352 2731 (ἔνια.
1391 2696 1522 2731 [sm-ol.
1582 2708 1658 2731 cae-

142 2752 210 2788 lius
249 2754 329 2789 rell.
369 2755 460 2789 libri
632 2753 694 2788 14.
728 2752 807 2801 qni]
847 2751 869 2801 ιῙ
902 2755 1071 2801 δἀηφιῖί.
1107 2754 1211 2787 Grul.
1387 2749 1477 2800 ueri]
1522 2755 1656 2787 uereris

144 2808 278 2845 Bamb.

255 2859 298 2911 3,
334 2864 395 2901 15.
431 2865 566 2900 coelius
588 2866 621 2900 in
644 2866 754 2912 prima
782 2866 911 2902 Bamb.
1034 2866 1093 2900 16.
1127 2863 1293 2899 hamcilar
1315 2863 1433 2898 Bern.
1459 2864 1655 2900 Hcclbersl.

1325 2926 1382 2958 R*
