1884 3213
129 1336 188 1366 187

125 1395 190 1426 5137

212 168 290 210 134
826 166 1124 206 RELLIQVIAE

210 285 335 335 ipsius
367 294 486 320 seusu
521 294 612 320 eum
644 292 785 331 niagno
826 292 974 332 pauore
1008 281 1355 319 ‹·irm11nstamium
1386 281 1572 325 militum,
1606 281 1733 320 moni-

211 356 467 400 mentumque
502 351 697 387 uictoriae
729 350 816 386 eius
847 348 894 387 de
925 348 1070 386 Poenis
1102 361 1225 400 usque
1257 349 1305 387 ad
1335 350 1545 388 incensum
1577 349 1733 400 Capito-

212 419 307 457 lium
339 419 463 456 l'uisse
496 419 536 456 in
569 417 715 468 templo
748 417 922 468 clipeum
944 416 1137 455 Marcium
1169 416 1409 468 appellatum
1439 429 1530 456 cum
1562 418 1734 468 imagine

210 485 483 525 Hasdrubalis.

324 550 381 592 33
395 551 435 592 *.
466 554 572 592 Ρίὶη.
596 552 758 592 XVIII
782 549 835 590 41
870 552 909 591 C.
942 551 1089 590 Furius
1120 552 1321 591 Cresimus
1353 565 1373 590 e
1405 554 1600 592 seruitute
1634 552 1731 591 libe·
1758 561 1774 585 5

212 627 322 660 ratus
368 634 459 661 cum
505 623 546 660 in
599 633 724 672 paruo
765 620 976 659 admodum
1016 620 1143 670 agello
1183 620 1378 670 largiores
1417 620 1542 659 multo
1582 622 1736 659 fructus

212 691 439 741 perciperet
471 702 587 741 quam
619 701 666 728 ex
689 688 950 739 amplissimis
972 689 1181 732 uicinitas‚
1214 689 1255 726 in
1288 687 1441 726 inuidia
1463 700 1602 738 magna
1636 694 1735 733 erat,

212 771 285 797 eeu
325 758 461 808 fruges
501 758 650 797 alienas
688 756 904 808 perliceret
943 756 1162 795 ueneficiis.
1224 768 1341 806 quam
1387 755 1437 794 ob
1485 768 1570 794 rem
1610 769 1630 794 a
1669 755 1734 807 Sp.

212 826 356 865 Albino
397 825 529 864 curuli
561 826 692 863 aedile
732 824 795 863 die
835 824 940 863 dicta
980 828 1162 862 metuens
1201 823 1515 868 (lamnationem,
1567 836 1657 862 cum
1696 825 1737 862 iu

214 895 448 944 sull'ragium
481 893 611 932 tribus
643 898 848 944 oporteret
880 893 950 933 ire,
987 894 1297 930 instrumentum
1319 892 1515 930 rusticum
1548 903 1664 930 omne
1698 892 1738 930 in
1758 901 1790 925 10

214 965 345 1001 l'orum
385 961 516 1001 attulit
556 966 594 999 et
633 960 795 999 adduxit
834 959 1027 998 smniliam
1068 972 1179 998 suam
1218 958 1393 998 ualidam
1425 964 1560 1011 atque,
1602 963 1644 997 ut
1684 959 1739 997 ait

214 1030 325 1075 Piso,
361 1030 462 1068 bene
502 1034 681 1068 curatam
713 1041 757 1067 ac
791 1029 998 1072 uestitam,
1032 1029 1275 1067 ferramenta
1307 1028 1468 1077 egregie
1500 1028 1616 1071 faeta,
1648 1038 1739 1077 gra-

215 1111 284 1136 ues
322 1097 496 1147 ligones,
537 1108 721 1135 uomeres
758 1095 1024 1147 ponderosos⁷
1067 1095 1192 1133 boues
1223 1100 1390 1134 saturos.
1451 1099 1587 1146 postea
1619 1094 1737 1133 dixit:

213 1165 411 1204 Venefieia
442 1177 542 1210 mea,
576 1164 775 1210 Quirites,
809 1163 906 1202 haec
938 1168 1050 1207 sunt,
1084 1175 1157 1201 nec
1189 1175 1351 1214 possum
1385 1161 1499 1201 uobis
1530 1162 1739 1201 ostendere

215 1239 282 1271 aut
314 1235 355 1271 in
387 1234 518 1271 forum
541 1232 738 1270 adducere
770 1230 1070 1270 lucubrationes
1101 1243 1208 1269 meas
1232 1230 1470 1281 uigiliasque
1501 1235 1539 1269 et
1560 1229 1738 1268 sudores.
1761 1240 1791 1264 15

215 1302 392 1339 omnium
426 1301 635 1339 sententiis
669 1299 874 1338 absolutus
908 1301 1040 1350 itaque
1072 1304 1142 1337 est.

328 1365 439 1407 342².
470 1369 574 1407 Pll'rz.
607 1367 832 1406 XXXIII]
864 1364 914 1405 14
944 1367 1135 1405 Triclinia
1168 1371 1300 1405 aerata
1333 1366 1556 1417 abacosque
1589 1370 1626 1404 et
1656 1378 1739 1404 mo-

217 1437 386 1487 nopodia
428 1436 495 1474 Cn.
528 1436 718 1474 Manlium
756 1436 847 1474 Asia
888 1434 1044 1473 deuicta
1084 1436 1258 1485 primum
1298 1435 1499 1473 inuexisse
1540 1433 1741 1484 triumpho

218 1517 302 1549 suo,
335 1516 453 1555 quem
486 1504 598 1542 duxit
630 1516 732 1542 anno
764 1501 878 1541 urbis
909 1510 1087 1546 DLXVH,
1115 1502 1157 1540 L.
1191 1503 1282 1541 Piso
1315 1507 1454 1540 auctor
1485 1506 1556 1540 est.

329 1568 439 1611 355³.
480 1573 581 1611 Plc'n.
615 1571 690 1610 III
726 1568 801 1610 131
843 1570 901 1609 Ab
939 1570 1122 1621 Aquileia
1161 1569 1209 1608 ad
1248 1578 1315 1608 XII
1354 1569 1527 1620 lapidem
1566 1568 1740 1608 deletum
1763 1578 1795 1602 20

306 1739 373 1773 33.
408 1741 545 1783 Pt'gslzz'us
570 1752 647 1773 ιιηη.
674 1740 717 1771 II
741 1751 775 1781 p.
802 1742 864 1772 281
899 1740 959 1780 Sp.
990 1739 1143 1770 Albinum
1173 1740 1314 1770 aedilem
1345 1740 1490 1770 curulem
1516 1738 1624 1778 fuisse
1648 1739 1744 1779 ponit

217 1797 248 1821 α.
276 1788 351 1818 191.
379 1787 456 1820 563.
565 1802 568 1806 ·

308 1829 374 1863 34.
412 1831 489 1862 Vid,
516 1831 590 1862 Lz'u.
620 1830 857 1861 XXXVIIII
882 1831 913 1868 6,
940 1831 958 1861 7
988 1829 1171 1861 Luxuriae
1199 1829 1293 1860 enirn
1320 1829 1538 1871 peregrinae
1566 1828 1669 1870 origo
1695 1828 1741 1860 ab

219 1876 383 1907 exercitu
410 1876 573 1907 Asiatico
600 1876 745 1907 inuecta
771 1875 808 1906 in
834 1874 956 1906 urbem
984 1878 1049 1905 est.
1101 1875 1127 1905 ii
1154 1875 1305 1915 primum
1337 1875 1451 1905 lectos
1478 1877 1644 1915 aeratos,
1678 1884 1741 1905 ue-

219 1926 311 1953 stem
329 1921 531 1961 stragulam
556 1923 767 1961 pretiosam,
794 1919 962 1961 plagulas
981 1923 1017 1951 et
1042 1920 1116 1951 alia
1143 1919 1292 1951 textilia
1319 1923 1366 1959 et,
1386 1930 1479 1960 quae
1505 1923 1581 1950 tum
1605 1920 1743 1961 magni-

221 1967 311 1998 licae
338 1965 584 2007 supellectilis
602 1965 846 2004 habebantur,
872 1965 1090 2006 monopodia
1110 1968 1145 1995 ct
1170 1964 1305 1995 abacos
1332 1964 1479 1995 Romam
1506 1963 1742 1996 aduexerunt.

220 2016 308 2043 tunc
346 2011 522 2053 psaltriae
556 2010 911 2051 sambucistriaeque
944 2013 981 2040 et
1020 2008 1227 2041 conuiualia
1266 2009 1432 2040 ludorum
1469 2008 1743 2040 oblectamenta

221 2057 346 2088 addita
373 2056 507 2098 epulis;
541 2056 672 2097 epulae
700 2065 840 2096 quoque
867 2055 970 2096 ipsae
998 2058 1034 2086 et
1061 2064 1147 2085 cura
1171 2058 1207 2085 et
1239 2057 1385 2095 sumptu
1411 2054 1546 2086 maiore
1573 2053 1742 2095 adparari

222 2105 387 2144 coeptae.
437 2106 512 2133 tum
544 2111 699 2143 coquus,
732 2100 946 2132 uilissimum
979 2100 1139 2141 antiquis
1172 2099 1395 2141 mancipium
1421 2102 1458 2130 et
1484 2099 1742 2131 aestimatione

221 2152 258 2178 et
283 2158 367 2186 usu,
400 2148 435 2177 in
462 2147 582 2188 pretio
614 2155 693 2177 esse
719 2149 754 2177 et
780 2145 874 2186 quod
906 2145 1148 2176 ministerium
1180 2144 1318 2181 fuerat,
1353 2154 1412 2176 ars
1445 2144 1574 2176 haberi
1601 2146 1741 2186 coepta.

222 2193 282 2223 uix
322 2197 441 2223 tamen
477 2191 543 2223 illa
575 2202 668 2233 quae
705 2194 779 2222 tum
813 2190 1152 2232 conspiciebantur,
1189 2190 1330 2222 semina
1368 2193 1472 2222 erant
1508 2190 1653 2221 futurae
1692 2189 1744 2221 lu-

223 2238 356 2271 xuriae.

311 2281 378 2315 35.
411 2283 443 2313 V
444 2283 555 2314 {delur
580 2292 653 2313 esse
678 2282 920 2322 intellegendus
945 2282 1061 2312 υηηειιΙ
1083 2292 1115 2312 (ι.
1141 2280 1214 2312 183.
1240 2281 1322 2316 571,
1351 2281 1408 2321 qui
1433 2279 1537 2311 Gallis
1562 2290 1608 2311 επ
1635 2279 1746 2311 Gallia

335 2404 409 2457 33,
442 2409 478 2444 8.
514 2407 686 2443 ueuilieiis
718 2408 809 2443 Par.
835 2409 870 2443 E
927 2406 1107 2442 benefieiis
1140 2412 1210 2444 (fel.
1244 2407 1350 2442 codd.
1382 2407 1483 2441 Ded.
1615 2405 1652 2441 9.
1684 2417 1744 2441 cu-

224 2466 277 2501 rili
323 2466 402 2501 Val.
439 2466 538 2501 Leicl.
572 2465 663 2499 l’ar.
690 2465 718 2500 G
899 2463 1011 2498 aedile
1044 2476 1112 2499 om.
1145 2465 1251 2499 codd.
1283 2463 1426 2498 addidit
1457 2461 1574 2509 Silliy.

231 2524 288 2558 ll.
323 2522 425 2557 liliam
459 2523 564 2558 codd.
629 2520 792 2555 familiam
825 2520 1020 2556 Ilm-dicite.
1193 2519 1256 2556 lxi.
1289 2518 1469 2554 benesacia
1511 2519 1592 2555 le.
1624 2513 1742 2554 Leicl.¹

227 2578 406 2613 benefacta
451 2574 571 2614 Leid.2
639 2576 842 2612 benesacico
885 2576 974 2611 l’ar.
1007 2577 1036 2611 G
1212 2577 1275 2613 16.
1316 2573 1482 2610 omnibus
1526 2574 1606 2610 Vae.
1639 2574 1742 2611 Leid.

227 2636 316 2669 I'rcr.
353 2636 394 2671 G.

345 2686 427 2738 34,
468 2691 504 2726 2.
549 2687 618 2739 Cu]
657 2688 840 2725 consulem
882 2689 975 2724 Par.
1007 2689 1030 2724 Ιι
1204 2683 1386 2736 Manlium]
1427 2687 1559 2722 Bamb.
1600 2687 1693 2723 Par.
1722 2688 1746 2723 k

227 2746 402 2781 ,llzuiilium
447 2747 548 2784 Voss.
582 2747 687 2782 Βίου.
720 2747 814 2782 Par.
837 2746 861 2780 d
1033 2742 1228 2793 inuexisse]
1262 2744 1443 2779 inuenisse
1474 2744 1584 2779 Rz‘cc.

261 2804 320 2836 12»,
355 2802 449 2837 urbis
488 2815 580 2839 auno
624 2803 726 2840 Voss.
760 2803 852 2838 I’ar.
882 2803 907 2836 d
1076 2800 1219 2836 btxvll
1261 2800 1365 2836 Voss.
1398 2801 1506 2836 Ricc.
1540 2799 1655 2835 Parr.
1678 2800 1703 2835 d
1721 2800 1744 2834 le

230 2857 353 2892 ULXVI
388 2860 518 2894 Jiamb.
