1884 3213
54 201 176 236 HIST.
201 201 317 235 ROM.
343 199 563 232 AETATES
589 198 755 231 PRIMIS
781 196 944 230 LINEIS
972 195 1300 228 ADVMBRATAE
1376 203 1577 233 XXXXVH

54 316 229 367 fingendi
269 315 446 354 studium
490 312 605 351 breui
651 312 817 350 multum
865 312 993 348 creuit
1041 311 1080 347 in
1125 322 1256 347 rerum
1297 308 1576 359 scriptoribus,

53 380 330 430 propinquitas
361 386 492 419 autem
524 380 715 418 historiae
748 385 785 417 et,
818 379 1068 429 eloquentiae
1099 382 1177 415 tam
1209 382 1293 415 arta
1315 388 1401 415 esse
1432 377 1576 427 coepit.

54 452 96 485 ut
127 448 195 498 qui
229 448 270 485 in
302 448 390 487 soro
422 450 654 499 causisque.
697 447 825 486 eidem
860 448 943 484 sere
984 445 1188 483 annalium
1220 444 1284 483 uel
1317 444 1578 483 historiarum

54 514 101 552 ad
139 520 304 553 naturae
344 516 450 566 leges
498 512 759 566 reuocaret&
823 515 954 552 minus
995 518 1103 551 certa
1149 513 1406 563 conperimus
1451 511 1498 549 de
1537 512 1577 549 (1.

55 584 347 633 Sempronii
377 583 618 621 Tuditani
653 581 746 632 [cos.
784 579 876 619 129.
909 577 1004 633 625)
1039 586 1076 619 et
1115 580 1162 617 de
1195 579 1235 617 C.
1268 579 1451 618 Fannii
1485 582 1578 629 (cos.

58 647 147 688 122.
180 647 274 701 632)
308 650 530 691 annalibus,
564 650 611 688 (le
642 649 788 702 quibus
810 649 911 687 nihil
934 649 1013 687 nisi
1035 648 1108 685 hoe
1141 652 1309 689 constat,
1343 660 1410 685 eos
1442 647 1579 685 eadem

56 719 137 756 fere
170 719 323 756 ratione
355 731 430 769 qua
462 720 530 769 qui
568 723 656 756 ante
696 719 895 768 scripsere
928 717 1075 767 spretis
1107 716 1301 753 orationis
1333 715 1580 753 ornamentis

55 797 118 823 res
150 785 198 824 ab
230 785 346 824 urbis
376 787 532 836 origine
564 786 612 824 ad
644 798 754 824 suam
787 789 955 823 aetatem
986 788 1219 835 persecutos
1250 795 1349 827 esse,
1383 782 1500 834 idque
1533 782 1580 820 de

56 852 95 891 C.
126 853 280 891 Fannio
311 866 356 892 eo
388 855 513 903 magis
545 853 796 897 mirabimur,
830 851 933 903 quod
961 857 998 890 et
1038 850 1314 902 philosophiae
1347 849 1480 888 studio
1512 850 1578 887 de-

56 921 161 959 ditus
191 926 229 959 et
260 921 427 959 multum
461 922 500 959 in
531 923 662 959 causis
693 921 858 972 foroque
898 924 1081 958 uersatus
1120 923 1218 957 erat.
1286 918 1464 969 Denique
1504 917 1580 954 huc

57 988 262 1027 Ciceronis
284 990 520 1027 auctoritate
541 989 668 1027 fretus
690 990 894 1040 pertinere
919 999 1102 1025 censeam
1129 986 1206 1025 Cn.
1233 990 1271 1024 et
1301 986 1344 1023 A.
1367 985 1578 1028 Gellios,

56 1068 289 1108 quamquam
321 1057 496 1095 Gnaeum
537 1056 697 1108 quidem
736 1060 899 1107 propter
938 1055 1181 1093 narrationis
1218 1052 1489 1104 prolixitatem
1526 1075 1582 1078 fi

55 1147 111 1151 —
140 1125 350 1162 minimum
382 1126 486 1163 enim
526 1126 740 1174 nonaginta
780 1129 931 1174 septem
973 1122 1098 1160 libros
1130 1122 1339 1172 conposuit
1369 1143 1426 1146 ——a
1455 1121 1581 1169 magis

56 1192 204 1230 Valerii
234 1192 405 1230 Antiatis
437 1197 475 1229 et
507 1191 663 1230 Claudii
695 1191 952 1240 Quadrigarii
984 1189 1158 1228 similem
1190 1201 1275 1227 esse
1308 1188 1493 1226 dixerim.

169 1271 369 1321 Insignem
401 1276 532 1309 autem
564 1271 693 1309 locum
726 1269 834 1308 dedit
866 1269 1006 1307 Cicero
1038 1269 1079 1306 L.
1105 1267 1277 1306 Coelio
1298 1267 1579 1317 Antipatro,

58 1340 97 1377 (3.
122 1339 263 1377 Fannii
294 1340 378 1378 fere
411 1338 577 1390 aequali.
628 1337 768 1376 relicto
801 1338 906 1375 enim
930 1337 1184 1387 superiorum
1207 1336 1450 1385 scriptorum
1472 1345 1581 1371 more

58 1419 121 1445 res
152 1406 200 1445 ab
232 1406 345 1445 urbis
377 1408 532 1456 origine
564 1418 635 1457 per
674 1417 798 1443 annos
837 1404 1061 1442 deducendi
1100 1403 1223 1441 breue
1255 1401 1451 1453 quoddam
1482 1406 1580 1440 tem-

58 1476 166 1526 poris
198 1475 370 1525 spatium
402 1474 535 1524 elegit,
569 1475 609 1511 in
640 1486 717 1524 quo
756 1472 942 1511 adcurate
983 1477 1021 1509 et
1062 1471 1277 1521 diligenter
1317 1468 1582 1507 describendo

58 1544 250 1581 maiorem
282 1554 442 1593 operam
474 1541 686 1580 conlocare
719 1546 757 1578 et
789 1540 1003 1578 uberiores
1036 1540 1165 1577 sontes
1188 1538 1298 1576 adire
1321 1542 1466 1588 posset.
1519 1549 1580 1574 so-

58 1610 139 1648 lum
170 1611 293 1660 igitur
326 1610 529 1648 enarrauit
561 1609 711 1648 bellum
743 1608 940 1646 Punicum
963 1607 1144 1649 alterum,
1179 1606 1296 1657 idque
1321 1606 1386 1649 ita,
1419 1610 1462 1642 ut
1483 1617 1582 1655 quac

59 1678 226 1717 artificia
267 1683 304 1716 et
336 1682 544 1728 praecepta
578 1677 624 1715 ad
656 1676 694 1715 id
725 1677 920 1727 temporis
951 1676 991 1713 in
1023 1673 1274 1713 orationibus
1306 1671 1489 1711 adhiberi
1521 1685 1581 1710 so-

59 1745 206 1789 lebant,
240 1744 287 1783 ab
311 1757 356 1783 eo
380 1746 420 1783 in
444 1744 650 1782 historiam
674 1744 1003 1782 transferrentur.
1049 1754 1138 1780 cum
1162 1746 1247 1780 arte
1270 1742 1377 1779 enim
1398 1740 1581 1791 quadam,

59 1812 106 1851 de
137 1825 213 1864 qua
244 1813 328 1863 ipse
361 1814 401 1850 in
432 1813 638 1863 prooemio
669 1812 874 1863 professus
906 1816 978 1855 est,
1012 1815 1050 1848 et
1083 1811 1188 1861 ipsas
1218 1821 1282 1847 res
1304 1809 1513 1848 exornauit
1546 1813 1579 1845 et

60 1881 259 1918 orationes
291 1893 311 1918 a
342 1892 383 1918 se
416 1882 525 1918 {ictas
556 1880 831 1931 interposuit.'
871 1878 975 1929 quod
1008 1883 1243 1929 utrumque,
1283 1881 1474 1928 quantum
1506 1876 1582 1914 sci-

59 1959 158 1992 mus,
192 1949 345 1998 primus
368 1949 545 1986 nouauit.
608 1960 697 1986 nam
730 1948 805 1986 etsi
838 1947 916 1984 iam
948 1951 1038 1984 ante
1071 1957 1161 1983 eum
1195 1946 1236 1983 in
1269 1944 1428 1983 Catonis
1460 1944 1582 1993 origi-

60 2015 177 2053 nibus
209 2015 355 2054 multae
387 2016 587 2053 orationes
619 2015 845 2057 exstabant,
886 2015 958 2052 hae
997 2019 1129 2051 tamen
1170 2011 1218 2050 ab
1252 2013 1338 2063 ipso
1370 2017 1483 2050 erant
1515 2010 1582 2048 ba-

60 2081 164 2121 bitae
196 2088 233 2121 et
265 2084 319 2121 ita
351 2088 534 2134 receptae
566 2088 608 2121 ut
640 2083 769 2121 dictae
810 2087 923 2120 erant
963 2087 1029 2119 aut
1068 2086 1109 2119 ut
1142 2080 1266 2118 dictas
1298 2092 1363 2117 eas
1395 2091 1480 2116 esse
1512 2091 1581 2116 uo-

60 2149 165 2188 lebat
187 2152 407 2189 existimari
430 2152 537 2189 Cato.
578 2156 715 2189 contra
739 2150 896 2188 Coelius
927 2162 1018 2187 cum
1051 2150 1169 2187 etiam
1191 2148 1344 2186 Poenos
1375 2146 1582 2197 loquentes

62 2218 281 2261 induceret,
315 2219 558 2257 Graecorum
587 2218 812 2269 exemplum
846 2219 1024 2255 imitatus
1056 2216 1126 2253 has
1165 2216 1367 2253 orationes
1404 2226 1482 2252 non
1521 2225 1582 2251 re-

63 2298 149 2323 rum
181 2287 409 2324 testimonia
441 2286 507 2324 sed
540 2287 636 2324 artis
668 2286 893 2324 rhetoricae
926 2285 1146 2335 specimina
1180 2295 1265 2320 esse
1288 2281 1415 2319 uoluit
1448 2283 1583 2332 eisque

62 2359 259 2405 tamquam
291 2353 512 2391 luminibus
551 2353 739 2390 historias
774 2352 1000 2390 inlustrare.
1063 2364 1082 2388 a
1114 2363 1188 2401 qua
1222 2355 1348 2388 aetate
1381 2350 1584 2387 orationes

153 2544 177 2584 ¹)
204 2544 301 2577 Scite
328 2543 506 2576 iudicauit
534 2543 577 2575 de
601 2543 656 2575 his
683 2543 820 2575 fabulis
838 2542 969 2574 Liuius
987 2542 1022 2573 in
1041 2541 1269 2583 praefatione
1294 2541 1313 2580 ξ
1331 2543 1368 2573 6;
1397 2540 1488 2579 Quae
1506 2544 1583 2570 ante

61 2602 228 2633 conditam
251 2601 500 2633 condendamue
525 2600 636 2632 urbem
661 2600 804 2641 poeticis
828 2599 932 2640 magis
957 2599 1084 2630 deeora
1105 2597 1231 2638 fabulis
1256 2607 1352 2638 quam
1377 2596 1584 2636 incorruptis

61 2667 171 2688 rerum
202 2661 371 2698 gestarum
408 2657 623 2689 monumentis
659 2656 858 2692 traduntur,
892 2665 933 2686 ea
965 2664 1025 2685 nee
1056 2654 1215 2694 refellere
1247 2663 1307 2684 nec
1338 2653 1518 2690 adfirmare
1550 2651 1582 2682 in

62 2713 168 2744 animo
195 2718 255 2745 est.
303 2714 403 2744 datur
427 2713 510 2744 haec
534 2714 632 2744 uenia
658 2712 862 2753 antiquitati,
890 2714 924 2742 ut
948 2711 1116 2741 miscendo
1133 2710 1274 2741 hamana
1292 2707 1414 2738 diuinis
1437 2708 1581 2747 primor-

63 2770 119 2800 dia
144 2769 269 2800 urbium
293 2769 488 2810 augustiora
509 2768 631 2808 faciat,
657 2773 690 2800 et
706 2769 735 2799 is
753 2768 806 2799 cui
827 2768 953 2808 populo
978 2768 1102 2798 licereo
1115 2769 1233 2806 portet
1258 2773 1462 2795 consecrare
1479 2763 1581 2804 0νίῃί-

63 2834 121 2856 nes
148 2835 227 2856 suas
258 2829 291 2856 et
326 2825 373 2856 ad
401 2825 482 2855 deos
517 2824 650 2863 referre
682 2828 850 2861 auctores,
884 2834 924 2854 ea
955 2822 1032 2853 belli
1062 2821 1174 2862 gloria
1200 2824 1251 2851 est
1279 2820 1406 2859 populo
1433 2819 1583 2850 Romano

65 2884 101 2913 et
127 2892 159 2923 q.
186 2891 213 2915 s,
