<?xml version="1.0" encoding="UTF-8"?>
<!DOCTYPE html PUBLIC "-//W3C//DTD XHTML 1.0 Transitional//EN"
    "http://www.w3.org/TR/xhtml1/DTD/xhtml1-transitional.dtd">
<html xmlns="http://www.w3.org/1999/xhtml" xml:lang="en" lang="en">
 <head>
  <title>
</title>
<meta http-equiv="Content-Type" content="text/html;charset=utf-8" />
  <meta name='ocr-system' content='tesseract 3.04.00' />
  <meta name='ocr-capabilities' content='ocr_page ocr_carea ocr_par ocr_line ocrx_word'/>
</head>
<body>
  <div class='ocr_page' id='page_1' title='image "./veterumhistorico01peteuoft_0018.png"; bbox 0 0 1884 3213; ppageno 0'>
   <div class='ocr_carea' id='block_1_1' title="bbox 250 203 275 231">
    <p class='ocr_par' dir='ltr' id='par_1_1' title="bbox 250 192 308 231">
     <span class='ocr_line' id='line_1_1' title="bbox 250 203 275 231; baseline 0 0"><span class='ocrx_word' id='word_1_1' title='bbox 250 203 275 231; x_wconf 76' lang='lat' dir='ltr'>x</span> 
     </span>
    </p>
   </div>
   <div class='ocr_carea' id='block_1_2' title="bbox 249 300 1783 2934">
    <p class='ocr_par' dir='ltr' id='par_1_2' title="bbox 249 300 1779 970">
     <span class='ocr_line' id='line_1_2' title="bbox 249 300 1775 358; baseline -0.002 -13"><span class='ocrx_word' id='word_1_2' title='bbox 249 305 466 358; x_wconf 84' lang='lat' dir='ltr'>utriusque</span> <span class='ocrx_word' id='word_1_3' title='bbox 489 304 569 344; x_wconf 79' lang='lat' dir='ltr'>loci</span> <span class='ocrx_word' id='word_1_4' title='bbox 592 318 821 355; x_wconf 86' lang='lat' dir='ltr'>consensu,</span> <span class='ocrx_word' id='word_1_5' title='bbox 852 317 958 356; x_wconf 87' lang='lat' dir='ltr'>quae</span> <span class='ocrx_word' id='word_1_6' title='bbox 980 301 1161 342; x_wconf 79' lang='lat' dir='ltr'>fuissent</span> <span class='ocrx_word' id='word_1_7' title='bbox 1182 300 1313 354; x_wconf 86' lang='lat' dir='ltr'>ipsius</span> <span class='ocrx_word' id='word_1_8' title='bbox 1343 301 1560 355; x_wconf 84' lang='lat' dir='ltr'>scriptoris</span> <span class='ocrx_word' id='word_1_9' title='bbox 1590 302 1775 355; x_wconf 75' lang='lat' dir='ltr'>pmpria,</span> 
     </span>
     <span class='ocr_line' id='line_1_3' title="bbox 249 368 1776 425; baseline -0.002 -12"><span class='ocrx_word' id='word_1_10' title='bbox 249 372 438 425; x_wconf 61' lang='lat' dir='ltr'>intellegi</span> <span class='ocrx_word' id='word_1_11' title='bbox 479 373 632 425; x_wconf 84' lang='lat' dir='ltr'>posset.</span> <span class='ocrx_word' id='word_1_12' title='bbox 695 370 836 411; x_wconf 86' lang='lat' dir='ltr'>Etiam</span> <span class='ocrx_word' id='word_1_13' title='bbox 876 384 979 423; x_wconf 87' lang='lat' dir='ltr'>quas</span> <span class='ocrx_word' id='word_1_14' title='bbox 1018 383 1083 409; x_wconf 85' lang='lat' dir='ltr'>res</span> <span class='ocrx_word' id='word_1_15' title='bbox 1122 384 1146 409; x_wconf 86' lang='lat' dir='ltr'>a</span> <span class='ocrx_word' id='word_1_16' title='bbox 1184 368 1459 422; x_wconf 57' lang='lat' dir='ltr'>ccmpluribus</span> <span class='ocrx_word' id='word_1_17' title='bbox 1498 369 1776 423; x_wconf 69' lang='lat' dir='ltr'>scriptoribus</span> 
     </span>
     <span class='ocr_line' id='line_1_4' title="bbox 249 435 1777 493; baseline -0.001 -14"><span class='ocrx_word' id='word_1_18' title='bbox 249 440 446 493; x_wconf 74' lang='lat' dir='ltr'>deinceps</span> <span class='ocrx_word' id='word_1_19' title='bbox 491 438 747 479; x_wconf 87' lang='lat' dir='ltr'>enumeratis</span> <span class='ocrx_word' id='word_1_20' title='bbox 792 438 970 492; x_wconf 83' lang='lat' dir='ltr'>scripta-s</span> <span class='ocrx_word' id='word_1_21' title='bbox 1010 436 1139 477; x_wconf 87' lang='lat' dir='ltr'>fuisse</span> <span class='ocrx_word' id='word_1_22' title='bbox 1179 435 1382 477; x_wconf 87' lang='lat' dir='ltr'>traditum</span> <span class='ocrx_word' id='word_1_23' title='bbox 1430 438 1510 490; x_wconf 87' lang='lat' dir='ltr'>est,</span> <span class='ocrx_word' id='word_1_24' title='bbox 1559 452 1648 491; x_wconf 78' lang='lat' dir='ltr'>eaS,</span> <span class='ocrx_word' id='word_1_25' title='bbox 1694 437 1777 478; x_wconf 86' lang='lat' dir='ltr'>nisi</span> 
     </span>
     <span class='ocr_line' id='line_1_5' title="bbox 253 504 1777 561; baseline -0.002 -13"><span class='ocrx_word' id='word_1_26' title='bbox 253 508 375 549; x_wconf 85' lang='lat' dir='ltr'>nimis</span> <span class='ocrx_word' id='word_1_27' title='bbox 406 507 569 561; x_wconf 81' lang='lat' dir='ltr'>amplae</span> <span class='ocrx_word' id='word_1_28' title='bbox 602 506 866 559; x_wconf 90' lang='lat' dir='ltr'>uiderentur,</span> <span class='ocrx_word' id='word_1_29' title='bbox 907 505 948 546; x_wconf 92' lang='lat' dir='ltr'>in</span> <span class='ocrx_word' id='word_1_30' title='bbox 984 504 1109 545; x_wconf 83' lang='lat' dir='ltr'>unius</span> <span class='ocrx_word' id='word_1_31' title='bbox 1141 504 1343 558; x_wconf 85' lang='lat' dir='ltr'>cuiusque</span> <span class='ocrx_word' id='word_1_32' title='bbox 1375 504 1582 560; x_wconf 85' lang='lat' dir='ltr'>relliquiis</span> <span class='ocrx_word' id='word_1_33' title='bbox 1613 505 1777 559; x_wconf 88' lang='lat' dir='ltr'>repetii,</span> 
     </span>
     <span class='ocr_line' id='line_1_6' title="bbox 251 572 1778 628; baseline -0.001 -13"><span class='ocrx_word' id='word_1_34' title='bbox 251 579 296 617; x_wconf 79' lang='lat' dir='ltr'>ut</span> <span class='ocrx_word' id='word_1_35' title='bbox 328 591 475 617; x_wconf 88' lang='lat' dir='ltr'>omnes</span> <span class='ocrx_word' id='word_1_36' title='bbox 507 590 591 616; x_wconf 90' lang='grc'><strong>11110</strong></span> <span class='ocrx_word' id='word_1_37' title='bbox 624 576 853 628; x_wconf 77' lang='lat' dir='ltr'>conspectu</span> <span class='ocrx_word' id='word_1_38' title='bbox 884 573 1075 614; x_wconf 85' lang='lat' dir='ltr'>haberes.</span> <span class='ocrx_word' id='word_1_39' title='bbox 1132 572 1382 626; x_wconf 83' lang='lat' dir='ltr'>adparatmn</span> <span class='ocrx_word' id='word_1_40' title='bbox 1413 574 1555 614; x_wconf 88' lang='lat' dir='ltr'>autem</span> <span class='ocrx_word' id='word_1_41' title='bbox 1586 573 1778 614; x_wconf 89' lang='lat' dir='ltr'>criticum</span> 
     </span>
     <span class='ocr_line' id='line_1_7' title="bbox 251 640 1777 697; baseline -0.001 -14"><span class='ocrx_word' id='word_1_42' title='bbox 251 647 290 685; x_wconf 71' lang='lat' dir='ltr'>et</span> <span class='ocrx_word' id='word_1_43' title='bbox 313 644 346 684; x_wconf 85' lang='lat' dir='ltr'>si</span> <span class='ocrx_word' id='word_1_44' title='bbox 370 659 452 697; x_wconf 85' lang='lat' dir='ltr'>qua</span> <span class='ocrx_word' id='word_1_45' title='bbox 473 642 715 684; x_wconf 86' lang='lat' dir='ltr'>adnotanda</span> <span class='ocrx_word' id='word_1_46' title='bbox 737 644 876 695; x_wconf 89' lang='lat' dir='ltr'>erant,</span> <span class='ocrx_word' id='word_1_47' title='bbox 909 641 1196 682; x_wconf 86' lang='lat' dir='ltr'>uetustissimo</span> <span class='ocrx_word' id='word_1_48' title='bbox 1220 640 1371 694; x_wconf 83' lang='lat' dir='ltr'>cuique</span> <span class='ocrx_word' id='word_1_49' title='bbox 1392 640 1619 694; x_wconf 87' lang='lat' dir='ltr'>historico,</span> <span class='ocrx_word' id='word_1_50' title='bbox 1653 655 1777 694; x_wconf 90' lang='lat' dir='ltr'>quem</span> 
     </span>
     <span class='ocr_line' id='line_1_8' title="bbox 250 708 1778 764; baseline -0.003 -11"><span class='ocrx_word' id='word_1_51' title='bbox 250 728 270 753; x_wconf 85' lang='lat' dir='ltr'>a</span> <span class='ocrx_word' id='word_1_52' title='bbox 306 712 454 753; x_wconf 72' lang='lat' dir='ltr'>ceteris</span> <span class='ocrx_word' id='word_1_53' title='bbox 487 711 743 764; x_wconf 85' lang='lat' dir='ltr'>exscriptum</span> <span class='ocrx_word' id='word_1_54' title='bbox 776 724 863 750; x_wconf 87' lang='lat' dir='ltr'>esse</span> <span class='ocrx_word' id='word_1_55' title='bbox 896 709 985 750; x_wconf 92' lang='lat' dir='ltr'>ueri</span> <span class='ocrx_word' id='word_1_56' title='bbox 1018 708 1154 749; x_wconf 86' lang='lat' dir='ltr'>simile</span> <span class='ocrx_word' id='word_1_57' title='bbox 1187 711 1313 762; x_wconf 86' lang='lat' dir='ltr'>esset,</span> <span class='ocrx_word' id='word_1_58' title='bbox 1350 709 1600 763; x_wconf 87' lang='lat' dir='ltr'>plerumque</span> <span class='ocrx_word' id='word_1_59' title='bbox 1631 708 1778 762; x_wconf 89' lang='lat' dir='ltr'>adieci,</span> 
     </span>
     <span class='ocr_line' id='line_1_9' title="bbox 251 776 1778 833; baseline -0.002 -13"><span class='ocrx_word' id='word_1_60' title='bbox 251 794 507 833; x_wconf 86' lang='lat' dir='ltr'>quamquam</span> <span class='ocrx_word' id='word_1_61' title='bbox 538 794 625 820; x_wconf 85' lang='lat' dir='ltr'>non</span> <span class='ocrx_word' id='word_1_62' title='bbox 658 778 929 832; x_wconf 76' lang='lat' dir='ltr'><strong>ignorabam,</strong></span> <span class='ocrx_word' id='word_1_63' title='bbox 970 777 1022 818; x_wconf 90' lang='lat' dir='ltr'>ab</span> <span class='ocrx_word' id='word_1_64' title='bbox 1054 777 1146 830; x_wconf 88' lang='lat' dir='ltr'>ipso</span> <span class='ocrx_word' id='word_1_65' title='bbox 1179 777 1404 831; x_wconf 87' lang='lat' dir='ltr'>scriptore,</span> <span class='ocrx_word' id='word_1_66' title='bbox 1444 777 1511 818; x_wconf 88' lang='lat' dir='ltr'>cui</span> <span class='ocrx_word' id='word_1_67' title='bbox 1543 776 1636 817; x_wconf 85' lang='lat' dir='ltr'>illas</span> <span class='ocrx_word' id='word_1_68' title='bbox 1668 776 1778 817; x_wconf 88' lang='lat' dir='ltr'>relli-</span> 
     </span>
     <span class='ocr_line' id='line_1_10' title="bbox 251 845 1779 902; baseline -0.001 -15"><span class='ocrx_word' id='word_1_69' title='bbox 251 848 370 902; x_wconf 81' lang='lat' dir='ltr'>quias</span> <span class='ocrx_word' id='word_1_70' title='bbox 392 848 612 899; x_wconf 84' lang='lat' dir='ltr'>debemus,</span> <span class='ocrx_word' id='word_1_71' title='bbox 645 862 694 887; x_wconf 84' lang='lat' dir='ltr'>ex</span> <span class='ocrx_word' id='word_1_72' title='bbox 726 846 810 886; x_wconf 92' lang='lat' dir='ltr'>illis</span> <span class='ocrx_word' id='word_1_73' title='bbox 835 845 1048 886; x_wconf 73' lang='lat' dir='ltr'>historicis</span> <span class='ocrx_word' id='word_1_74' title='bbox 1070 845 1408 886; x_wconf 86' lang='lat' dir='ltr'>recentissimum</span> <span class='ocrx_word' id='word_1_75' title='bbox 1431 859 1640 899; x_wconf 79' lang='lat' dir='ltr'>quemque</span> <span class='ocrx_word' id='word_1_76' title='bbox 1661 859 1779 886; x_wconf 90' lang='lat' dir='ltr'>usur-</span> 
     </span>
     <span class='ocr_line' id='line_1_11' title="bbox 250 919 528 970; baseline 0.007 -16"><span class='ocrx_word' id='word_1_77' title='bbox 250 919 397 970; x_wconf 84' lang='lat' dir='ltr'>patum</span> <span class='ocrx_word' id='word_1_78' title='bbox 429 930 528 956; x_wconf 88' lang='lat' dir='ltr'>esse.</span> 
     </span>
    </p>

    <p class='ocr_par' dir='ltr' id='par_1_3' title="bbox 251 981 1781 1771">
     <span class='ocr_line' id='line_1_12' title="bbox 363 981 1780 1037; baseline -0.001 -13"><span class='ocrx_word' id='word_1_79' title='bbox 363 983 470 1024; x_wconf 85' lang='lat' dir='ltr'>Tum</span> <span class='ocrx_word' id='word_1_80' title='bbox 493 985 761 1037; x_wconf 88' lang='lat' dir='ltr'>receptorum</span> <span class='ocrx_word' id='word_1_81' title='bbox 791 983 1130 1036; x_wconf 69' lang='lat' dir='ltr'>fragmentorum</span> <span class='ocrx_word' id='word_1_82' title='bbox 1163 996 1259 1023; x_wconf 90' lang='lat' dir='ltr'>eum</span> <span class='ocrx_word' id='word_1_83' title='bbox 1290 981 1483 1023; x_wconf 84' lang='lat' dir='ltr'>ordinem</span> <span class='ocrx_word' id='word_1_84' title='bbox 1514 981 1701 1035; x_wconf 89' lang='lat' dir='ltr'>institui,</span> <span class='ocrx_word' id='word_1_85' title='bbox 1734 983 1780 1022; x_wconf 89' lang='lat' dir='ltr'>ut</span> 
     </span>
     <span class='ocr_line' id='line_1_13' title="bbox 251 1049 1779 1105; baseline -0.003 -12"><span class='ocrx_word' id='word_1_86' title='bbox 251 1068 317 1105; x_wconf 82' lang='lat' dir='ltr'>ea,</span> <span class='ocrx_word' id='word_1_87' title='bbox 352 1066 459 1105; x_wconf 85' lang='lat' dir='ltr'>quae</span> <span class='ocrx_word' id='word_1_88' title='bbox 491 1051 543 1092; x_wconf 86' lang='lat' dir='ltr'>ad</span> <span class='ocrx_word' id='word_1_89' title='bbox 575 1053 732 1092; x_wconf 81' lang='lat' dir='ltr'>certam</span> <span class='ocrx_word' id='word_1_90' title='bbox 763 1050 948 1104; x_wconf 88' lang='lat' dir='ltr'>aliquam</span> <span class='ocrx_word' id='word_1_91' title='bbox 979 1065 1068 1091; x_wconf 91' lang='lat' dir='ltr'>rem</span> <span class='ocrx_word' id='word_1_92' title='bbox 1099 1049 1247 1091; x_wconf 85' lang='lat' dir='ltr'>referri</span> <span class='ocrx_word' id='word_1_93' title='bbox 1279 1052 1472 1104; x_wconf 90' lang='lat' dir='ltr'>possent,</span> <span class='ocrx_word' id='word_1_94' title='bbox 1505 1049 1594 1090; x_wconf 90' lang='lat' dir='ltr'>siue</span> <span class='ocrx_word' id='word_1_95' title='bbox 1625 1049 1779 1090; x_wconf 84' lang='lat' dir='ltr'>additis</span> 
     </span>
     <span class='ocr_line' id='line_1_14' title="bbox 251 1117 1779 1171; baseline -0.002 -11"><span class='ocrx_word' id='word_1_96' title='bbox 251 1120 458 1161; x_wconf 90' lang='lat' dir='ltr'>librorum</span> <span class='ocrx_word' id='word_1_97' title='bbox 503 1118 690 1159; x_wconf 88' lang='lat' dir='ltr'>numeris</span> <span class='ocrx_word' id='word_1_98' title='bbox 735 1118 825 1159; x_wconf 90' lang='lat' dir='ltr'>siue</span> <span class='ocrx_word' id='word_1_99' title='bbox 870 1133 957 1159; x_wconf 89' lang='lat' dir='ltr'>non</span> <span class='ocrx_word' id='word_1_100' title='bbox 1004 1117 1156 1158; x_wconf 88' lang='lat' dir='ltr'>additis</span> <span class='ocrx_word' id='word_1_101' title='bbox 1202 1117 1400 1171; x_wconf 86' lang='lat' dir='ltr'>decerpta</span> <span class='ocrx_word' id='word_1_102' title='bbox 1444 1119 1583 1170; x_wconf 85' lang='lat' dir='ltr'>erant,</span> <span class='ocrx_word' id='word_1_103' title='bbox 1630 1117 1779 1158; x_wconf 86' lang='lat' dir='ltr'>ceteris</span> 
     </span>
     <span class='ocr_line' id='line_1_15' title="bbox 252 1185 1779 1241; baseline -0.003 -12"><span class='ocrx_word' id='word_1_104' title='bbox 252 1188 438 1229; x_wconf 82' lang='lat' dir='ltr'>eiusdem</span> <span class='ocrx_word' id='word_1_105' title='bbox 470 1187 567 1228; x_wconf 82' lang='lat' dir='ltr'>libri</span> <span class='ocrx_word' id='word_1_106' title='bbox 598 1201 926 1241; x_wconf 66' lang='lat' dir='ltr'>praeponerem,</span> <span class='ocrx_word' id='word_1_107' title='bbox 959 1200 1007 1226; x_wconf 89' lang='lat' dir='ltr'>ea</span> <span class='ocrx_word' id='word_1_108' title='bbox 1037 1188 1200 1240; x_wconf 87' lang='lat' dir='ltr'>tamen,</span> <span class='ocrx_word' id='word_1_109' title='bbox 1242 1200 1348 1239; x_wconf 90' lang='lat' dir='ltr'>quae</span> <span class='ocrx_word' id='word_1_110' title='bbox 1378 1199 1556 1226; x_wconf 87' lang='lat' dir='ltr'>numero</span> <span class='ocrx_word' id='word_1_111' title='bbox 1587 1185 1684 1225; x_wconf 86' lang='lat' dir='ltr'>libri</span> <span class='ocrx_word' id='word_1_112' title='bbox 1716 1199 1779 1226; x_wconf 85' lang='lat' dir='ltr'>ca-</span> 
     </span>
     <span class='ocr_line' id='line_1_16' title="bbox 251 1252 1779 1308; baseline -0.002 -12"><span class='ocrx_word' id='word_1_113' title='bbox 251 1258 412 1308; x_wconf 87' lang='lat' dir='ltr'>rerent,</span> <span class='ocrx_word' id='word_1_114' title='bbox 445 1255 644 1296; x_wconf 85' lang='lat' dir='ltr'>asterisco</span> <span class='ocrx_word' id='word_1_115' title='bbox 677 1254 870 1308; x_wconf 83' lang='lat' dir='ltr'>adposito</span> <span class='ocrx_word' id='word_1_116' title='bbox 894 1253 1211 1308; x_wconf 81' lang='lat' dir='ltr'>distinguerem.</span> <span class='ocrx_word' id='word_1_117' title='bbox 1259 1253 1409 1294; x_wconf 88' lang='lat' dir='ltr'>deinde</span> <span class='ocrx_word' id='word_1_118' title='bbox 1431 1255 1570 1294; x_wconf 88' lang='lat' dir='ltr'>cetera</span> <span class='ocrx_word' id='word_1_119' title='bbox 1590 1253 1650 1294; x_wconf 87' lang='lat' dir='ltr'>ita</span> <span class='ocrx_word' id='word_1_120' title='bbox 1671 1252 1779 1293; x_wconf 89' lang='lat' dir='ltr'>ordi-</span> 
     </span>
     <span class='ocr_line' id='line_1_17' title="bbox 252 1320 1780 1378; baseline -0.003 -13"><span class='ocrx_word' id='word_1_121' title='bbox 252 1324 373 1378; x_wconf 85' lang='lat' dir='ltr'>naui,</span> <span class='ocrx_word' id='word_1_122' title='bbox 406 1325 453 1364; x_wconf 89' lang='lat' dir='ltr'>ut</span> <span class='ocrx_word' id='word_1_123' title='bbox 482 1323 629 1377; x_wconf 88' lang='lat' dir='ltr'>primis</span> <span class='ocrx_word' id='word_1_124' title='bbox 652 1322 755 1364; x_wconf 90' lang='lat' dir='ltr'>locis</span> <span class='ocrx_word' id='word_1_125' title='bbox 778 1322 1045 1363; x_wconf 85' lang='lat' dir='ltr'>conlocarem</span> <span class='ocrx_word' id='word_1_126' title='bbox 1067 1336 1174 1375; x_wconf 87' lang='lat' dir='ltr'>quae</span> <span class='ocrx_word' id='word_1_127' title='bbox 1197 1322 1248 1362; x_wconf 88' lang='lat' dir='ltr'>ab</span> <span class='ocrx_word' id='word_1_128' title='bbox 1271 1320 1584 1375; x_wconf 78' lang='lat' dir='ltr'>antiquioribus</span> <span class='ocrx_word' id='word_1_129' title='bbox 1605 1320 1780 1374; x_wconf 84' lang='lat' dir='ltr'>scripto-</span> 
     </span>
     <span class='ocr_line' id='line_1_18' title="bbox 252 1388 1779 1444; baseline -0.002 -12"><span class='ocrx_word' id='word_1_130' title='bbox 252 1393 368 1433; x_wconf 83' lang='lat' dir='ltr'>ribus</span> <span class='ocrx_word' id='word_1_131' title='bbox 400 1394 567 1433; x_wconf 82' lang='lat' dir='ltr'>seruata</span> <span class='ocrx_word' id='word_1_132' title='bbox 598 1392 756 1444; x_wconf 88' lang='lat' dir='ltr'>essent,</span> <span class='ocrx_word' id='word_1_133' title='bbox 789 1392 880 1443; x_wconf 87' lang='lat' dir='ltr'>aut,</span> <span class='ocrx_word' id='word_1_134' title='bbox 913 1389 947 1430; x_wconf 87' lang='lat' dir='ltr'>si</span> <span class='ocrx_word' id='word_1_135' title='bbox 978 1389 1114 1430; x_wconf 85' lang='lat' dir='ltr'>multa</span> <span class='ocrx_word' id='word_1_136' title='bbox 1135 1388 1322 1430; x_wconf 90' lang='lat' dir='ltr'>eiusdem</span> <span class='ocrx_word' id='word_1_137' title='bbox 1343 1388 1535 1430; x_wconf 85' lang='lat' dir='ltr'>historici</span> <span class='ocrx_word' id='word_1_138' title='bbox 1557 1388 1608 1430; x_wconf 91' lang='lat' dir='ltr'>ab</span> <span class='ocrx_word' id='word_1_139' title='bbox 1632 1389 1779 1429; x_wconf 85' lang='lat' dir='ltr'>eodem</span> 
     </span>
     <span class='ocr_line' id='line_1_19' title="bbox 253 1456 1779 1513; baseline -0.002 -13"><span class='ocrx_word' id='word_1_140' title='bbox 253 1460 390 1507; x_wconf 85' lang='lat' dir='ltr'>(uelut</span> <span class='ocrx_word' id='word_1_141' title='bbox 421 1459 625 1501; x_wconf 65' lang='lat' dir='ltr'>Sisennae</span> <span class='ocrx_word' id='word_1_142' title='bbox 657 1473 681 1499; x_wconf 88' lang='lat' dir='ltr'>a</span> <span class='ocrx_word' id='word_1_143' title='bbox 710 1457 895 1513; x_wconf 78' lang='lat' dir='ltr'>Nonio),</span> <span class='ocrx_word' id='word_1_144' title='bbox 937 1456 1095 1497; x_wconf 84' lang='lat' dir='ltr'>similes</span> <span class='ocrx_word' id='word_1_145' title='bbox 1132 1471 1197 1497; x_wconf 89' lang='lat' dir='ltr'>res</span> <span class='ocrx_word' id='word_1_146' title='bbox 1237 1471 1331 1497; x_wconf 89' lang='lat' dir='ltr'>cum</span> <span class='ocrx_word' id='word_1_147' title='bbox 1365 1456 1573 1497; x_wconf 83' lang='lat' dir='ltr'>similibus</span> <span class='ocrx_word' id='word_1_148' title='bbox 1605 1456 1779 1497; x_wconf 84' lang='lat' dir='ltr'>coniun-</span> 
     </span>
     <span class='ocr_line' id='line_1_20' title="bbox 253 1524 1779 1581; baseline -0.003 -13"><span class='ocrx_word' id='word_1_149' title='bbox 253 1541 408 1581; x_wconf 65' lang='lat' dir='ltr'>gerem.</span> <span class='ocrx_word' id='word_1_150' title='bbox 457 1542 480 1567; x_wconf 90' lang='lat' dir='ltr'>a</span> <span class='ocrx_word' id='word_1_151' title='bbox 502 1542 585 1580; x_wconf 85' lang='lat' dir='ltr'>quo</span> <span class='ocrx_word' id='word_1_152' title='bbox 609 1525 789 1567; x_wconf 88' lang='lat' dir='ltr'>consilio</span> <span class='ocrx_word' id='word_1_153' title='bbox 821 1526 1037 1579; x_wconf 80' lang='lat' dir='ltr'>profectus</span> <span class='ocrx_word' id='word_1_154' title='bbox 1069 1539 1163 1565; x_wconf 89' lang='lat' dir='ltr'>cum</span> <span class='ocrx_word' id='word_1_155' title='bbox 1195 1524 1352 1578; x_wconf 86' lang='lat' dir='ltr'>primo,</span> <span class='ocrx_word' id='word_1_156' title='bbox 1384 1539 1437 1565; x_wconf 88' lang='lat' dir='ltr'>ne</span> <span class='ocrx_word' id='word_1_157' title='bbox 1468 1526 1779 1578; x_wconf 86' lang='lat' dir='ltr'>praeoccupato</span> 
     </span>
     <span class='ocr_line' id='line_1_21' title="bbox 254 1591 1779 1647; baseline -0.002 -12"><span class='ocrx_word' id='word_1_158' title='bbox 254 1595 395 1636; x_wconf 86' lang='lat' dir='ltr'>animo</span> <span class='ocrx_word' id='word_1_159' title='bbox 436 1610 588 1647; x_wconf 87' lang='lat' dir='ltr'>essem,</span> <span class='ocrx_word' id='word_1_160' title='bbox 629 1593 718 1635; x_wconf 88' lang='lat' dir='ltr'>solo</span> <span class='ocrx_word' id='word_1_161' title='bbox 758 1607 852 1634; x_wconf 88' lang='grc'><strong>11100</strong></span> <span class='ocrx_word' id='word_1_162' title='bbox 892 1592 1047 1633; x_wconf 90' lang='lat' dir='ltr'>iudicio</span> <span class='ocrx_word' id='word_1_163' title='bbox 1088 1607 1187 1633; x_wconf 87' lang='lat' dir='ltr'>usus</span> <span class='ocrx_word' id='word_1_164' title='bbox 1218 1592 1434 1645; x_wconf 83' lang='lat' dir='ltr'>relliquias</span> <span class='ocrx_word' id='word_1_165' title='bbox 1466 1591 1779 1646; x_wconf 82' lang='lat' dir='ltr'>disposuissem,</span> 
     </span>
     <span class='ocr_line' id='line_1_22' title="bbox 254 1659 1781 1717; baseline -0.001 -16"><span class='ocrx_word' id='word_1_166' title='bbox 254 1665 401 1717; x_wconf 84' lang='lat' dir='ltr'>postea</span> <span class='ocrx_word' id='word_1_167' title='bbox 440 1662 484 1703; x_wconf 89' lang='lat' dir='ltr'>in</span> <span class='ocrx_word' id='word_1_168' title='bbox 524 1661 669 1702; x_wconf 89' lang='lat' dir='ltr'>multis</span> <span class='ocrx_word' id='word_1_169' title='bbox 704 1676 771 1702; x_wconf 91' lang='lat' dir='ltr'>me</span> <span class='ocrx_word' id='word_1_170' title='bbox 803 1660 853 1702; x_wconf 84' lang='lat' dir='ltr'>ad</span> <span class='ocrx_word' id='word_1_171' title='bbox 885 1660 1065 1702; x_wconf 88' lang='lat' dir='ltr'>eundem</span> <span class='ocrx_word' id='word_1_172' title='bbox 1097 1659 1289 1701; x_wconf 89' lang='lat' dir='ltr'>ordinem</span> <span class='ocrx_word' id='word_1_173' title='bbox 1319 1660 1563 1714; x_wconf 89' lang='lat' dir='ltr'>peruenisse</span> <span class='ocrx_word' id='word_1_174' title='bbox 1594 1659 1781 1701; x_wconf 87' lang='lat' dir='ltr'>animad-</span> 
     </span>
     <span class='ocr_line' id='line_1_23' title="bbox 257 1729 695 1771; baseline -0.002 -1"><span class='ocrx_word' id='word_1_175' title='bbox 257 1731 363 1771; x_wconf 83' lang='lat' dir='ltr'>uerti</span> <span class='ocrx_word' id='word_1_176' title='bbox 399 1746 445 1771; x_wconf 86' lang='lat' dir='ltr'>ae</span> <span class='ocrx_word' id='word_1_177' title='bbox 478 1729 695 1770; x_wconf 82' lang='lat' dir='ltr'>Rothium.</span> 
     </span>
    </p>

    <p class='ocr_par' dir='ltr' id='par_1_4' title="bbox 255 1795 1783 2934">
     <span class='ocr_line' id='line_1_24' title="bbox 367 1795 1779 1852; baseline 0 -15"><span class='ocrx_word' id='word_1_178' title='bbox 367 1797 492 1838; x_wconf 89' lang='lat' dir='ltr'>Haud</span> <span class='ocrx_word' id='word_1_179' title='bbox 524 1797 665 1852; x_wconf 79' lang='lat' dir='ltr'>exigui</span> <span class='ocrx_word' id='word_1_180' title='bbox 696 1811 797 1838; x_wconf 88' lang='lat' dir='ltr'>uero</span> <span class='ocrx_word' id='word_1_181' title='bbox 831 1797 970 1852; x_wconf 88' lang='lat' dir='ltr'>operis</span> <span class='ocrx_word' id='word_1_182' title='bbox 1001 1799 1091 1838; x_wconf 83' lang='lat' dir='ltr'>erat</span> <span class='ocrx_word' id='word_1_183' title='bbox 1121 1795 1338 1850; x_wconf 83' lang='lat' dir='ltr'>relliquias</span> <span class='ocrx_word' id='word_1_184' title='bbox 1369 1795 1421 1837; x_wconf 88' lang='lat' dir='ltr'>ad</span> <span class='ocrx_word' id='word_1_185' title='bbox 1444 1796 1626 1849; x_wconf 86' lang='lat' dir='ltr'>optimos</span> <span class='ocrx_word' id='word_1_186' title='bbox 1648 1795 1779 1837; x_wconf 83' lang='lat' dir='ltr'>libros</span> 
     </span>
     <span class='ocr_line' id='line_1_25' title="bbox 258 1863 1783 1919; baseline -0.001 -14"><span class='ocrx_word' id='word_1_187' title='bbox 258 1880 385 1906; x_wconf 88' lang='lat' dir='ltr'>manu</span> <span class='ocrx_word' id='word_1_188' title='bbox 417 1865 595 1919; x_wconf 80' lang='lat' dir='ltr'>scriptos</span> <span class='ocrx_word' id='word_1_189' title='bbox 626 1879 843 1906; x_wconf 84' lang='lat' dir='ltr'>recensere</span> <span class='ocrx_word' id='word_1_190' title='bbox 876 1867 936 1919; x_wconf 88' lang='lat' dir='ltr'>et,</span> <span class='ocrx_word' id='word_1_191' title='bbox 969 1865 1002 1905; x_wconf 89' lang='lat' dir='ltr'>si</span> <span class='ocrx_word' id='word_1_192' title='bbox 1034 1864 1125 1905; x_wconf 84' lang='lat' dir='ltr'>fieri</span> <span class='ocrx_word' id='word_1_193' title='bbox 1155 1867 1317 1918; x_wconf 87' lang='lat' dir='ltr'>posset,</span> <span class='ocrx_word' id='word_1_194' title='bbox 1350 1863 1591 1916; x_wconf 87' lang='lat' dir='ltr'>emendare,</span> <span class='ocrx_word' id='word_1_195' title='bbox 1624 1863 1669 1904; x_wconf 92' lang='lat' dir='ltr'>in</span> <span class='ocrx_word' id='word_1_196' title='bbox 1700 1878 1783 1917; x_wconf 85' lang='lat' dir='ltr'>qua</span> 
     </span>
     <span class='ocr_line' id='line_1_26' title="bbox 256 1931 1780 1987; baseline -0.001 -14"><span class='ocrx_word' id='word_1_197' title='bbox 256 1932 423 1987; x_wconf 86' lang='lat' dir='ltr'>quidem</span> <span class='ocrx_word' id='word_1_198' title='bbox 472 1948 535 1985; x_wconf 87' lang='lat' dir='ltr'>re,</span> <span class='ocrx_word' id='word_1_199' title='bbox 585 1933 661 1973; x_wconf 82' lang='lat' dir='ltr'>etsi</span> <span class='ocrx_word' id='word_1_200' title='bbox 700 1932 815 1974; x_wconf 77' lang='lat' dir='ltr'>Roth</span> <span class='ocrx_word' id='word_1_201' title='bbox 857 1932 969 1973; x_wconf 88' lang='lat' dir='ltr'>haud</span> <span class='ocrx_word' id='word_1_202' title='bbox 1016 1932 1243 1974; x_wconf 78' lang='lat' dir='ltr'>infeliciter</span> <span class='ocrx_word' id='word_1_203' title='bbox 1290 1931 1496 1985; x_wconf 83' lang='lat' dir='ltr'>quaedam</span> <span class='ocrx_word' id='word_1_204' title='bbox 1540 1931 1780 1985; x_wconf 84' lang='lat' dir='ltr'>temptauit,</span> 
     </span>
     <span class='ocr_line' id='line_1_27' title="bbox 255 1999 1780 2055; baseline -0.001 -13"><span class='ocrx_word' id='word_1_205' title='bbox 255 2015 380 2042; x_wconf 88' lang='lat' dir='ltr'>nemo</span> <span class='ocrx_word' id='word_1_206' title='bbox 419 2000 555 2041; x_wconf 82' lang='lat' dir='ltr'>adhuc</span> <span class='ocrx_word' id='word_1_207' title='bbox 595 2001 663 2041; x_wconf 88' lang='lat' dir='ltr'>uia</span> <span class='ocrx_word' id='word_1_208' title='bbox 704 2003 744 2041; x_wconf 88' lang='lat' dir='ltr'>et</span> <span class='ocrx_word' id='word_1_209' title='bbox 782 2001 946 2041; x_wconf 87' lang='lat' dir='ltr'>ratione</span> <span class='ocrx_word' id='word_1_210' title='bbox 985 2001 1199 2055; x_wconf 74' lang='lat' dir='ltr'>ingressus</span> <span class='ocrx_word' id='word_1_211' title='bbox 1238 2001 1339 2040; x_wconf 89' lang='lat' dir='ltr'>erat.</span> <span class='ocrx_word' id='word_1_212' title='bbox 1400 1999 1542 2052; x_wconf 88' lang='lat' dir='ltr'>itaque</span> <span class='ocrx_word' id='word_1_213' title='bbox 1578 1999 1637 2040; x_wconf 89' lang='lat' dir='ltr'>eis</span> <span class='ocrx_word' id='word_1_214' title='bbox 1669 2000 1780 2054; x_wconf 77' lang='lat' dir='ltr'>frag-</span> 
     </span>
     <span class='ocr_line' id='line_1_28' title="bbox 256 2068 1780 2122; baseline -0.001 -13"><span class='ocrx_word' id='word_1_215' title='bbox 256 2069 409 2109; x_wconf 70' lang='lat' dir='ltr'>mentis</span> <span class='ocrx_word' id='word_1_216' title='bbox 420 2102 431 2121; x_wconf 91' lang='lat'>,</span> <span class='ocrx_word' id='word_1_217' title='bbox 464 2083 569 2121; x_wconf 87' lang='lat' dir='ltr'>quae</span> <span class='ocrx_word' id='word_1_218' title='bbox 592 2068 643 2109; x_wconf 89' lang='lat' dir='ltr'>ad</span> <span class='ocrx_word' id='word_1_219' title='bbox 666 2068 842 2109; x_wconf 84' lang='lat' dir='ltr'>uerbum</span> <span class='ocrx_word' id='word_1_220' title='bbox 865 2068 916 2109; x_wconf 86' lang='lat' dir='ltr'>ad</span> <span class='ocrx_word' id='word_1_221' title='bbox 938 2083 1015 2109; x_wconf 87' lang='grc'><strong>1105</strong></span> <span class='ocrx_word' id='word_1_222' title='bbox 1037 2070 1273 2122; x_wconf 79' lang='lat' dir='ltr'>propagata</span> <span class='ocrx_word' id='word_1_223' title='bbox 1294 2070 1452 2121; x_wconf 84' lang='lat' dir='ltr'>essent,</span> <span class='ocrx_word' id='word_1_224' title='bbox 1485 2082 1535 2108; x_wconf 89' lang='lat' dir='ltr'>ex</span> <span class='ocrx_word' id='word_1_225' title='bbox 1566 2070 1780 2121; x_wconf 85' lang='lat' dir='ltr'>praestan-</span> 
     </span>
     <span class='ocr_line' id='line_1_29' title="bbox 258 2136 1780 2190; baseline -0.001 -13"><span class='ocrx_word' id='word_1_226' title='bbox 258 2136 429 2177; x_wconf 79' lang='lat' dir='ltr'>tissimis</span> <span class='ocrx_word' id='word_1_227' title='bbox 452 2136 688 2189; x_wconf 83' lang='lat' dir='ltr'>quibusque</span> <span class='ocrx_word' id='word_1_228' title='bbox 720 2136 995 2189; x_wconf 72' lang='lat' dir='ltr'>editionibus,</span> <span class='ocrx_word' id='word_1_229' title='bbox 1029 2150 1131 2190; x_wconf 83' lang='lat' dir='ltr'>quas</span> <span class='ocrx_word' id='word_1_230' title='bbox 1163 2136 1275 2176; x_wconf 81' lang='lat' dir='ltr'>iufra</span> <span class='ocrx_word' id='word_1_231' title='bbox 1307 2150 1390 2175; x_wconf 91' lang='lat' dir='ltr'>uno</span> <span class='ocrx_word' id='word_1_232' title='bbox 1423 2138 1651 2189; x_wconf 77' lang='lat' dir='ltr'>conspectu</span> <span class='ocrx_word' id='word_1_233' title='bbox 1683 2150 1780 2177; x_wconf 88' lang='lat' dir='ltr'>con-</span> 
     </span>
     <span class='ocr_line' id='line_1_30' title="bbox 257 2202 1779 2257; baseline 0.001 -14"><span class='ocrx_word' id='word_1_234' title='bbox 257 2204 420 2244; x_wconf 83' lang='lat' dir='ltr'>iunctas</span> <span class='ocrx_word' id='word_1_235' title='bbox 453 2204 664 2256; x_wconf 84' lang='lat' dir='ltr'>inuenies,</span> <span class='ocrx_word' id='word_1_236' title='bbox 703 2219 870 2245; x_wconf 87' lang='lat' dir='ltr'>omnem</span> <span class='ocrx_word' id='word_1_237' title='bbox 908 2204 1157 2257; x_wconf 79' lang='lat' dir='ltr'>adparatum</span> <span class='ocrx_word' id='word_1_238' title='bbox 1188 2203 1380 2244; x_wconf 83' lang='lat' dir='ltr'>criticum</span> <span class='ocrx_word' id='word_1_239' title='bbox 1412 2202 1613 2256; x_wconf 80' lang='lat' dir='ltr'>adscripsi</span> <span class='ocrx_word' id='word_1_240' title='bbox 1646 2205 1706 2256; x_wconf 88' lang='lat' dir='ltr'>et,</span> <span class='ocrx_word' id='word_1_241' title='bbox 1746 2204 1779 2244; x_wconf 89' lang='grc'>51</span> 
     </span>
     <span class='ocr_line' id='line_1_31' title="bbox 257 2270 1779 2325; baseline 0.001 -16"><span class='ocrx_word' id='word_1_242' title='bbox 257 2286 437 2324; x_wconf 86' lang='lat' dir='ltr'>quorum</span> <span class='ocrx_word' id='word_1_243' title='bbox 489 2271 743 2325; x_wconf 74' lang='lat' dir='ltr'>scriptorum</span> <span class='ocrx_word' id='word_1_244' title='bbox 793 2274 837 2312; x_wconf 80' lang='lat' dir='ltr'>ut</span> <span class='ocrx_word' id='word_1_245' title='bbox 885 2271 1030 2325; x_wconf 79' lang='lat' dir='ltr'>Gellii,</span> <span class='ocrx_word' id='word_1_246' title='bbox 1082 2270 1239 2324; x_wconf 73' lang='lat' dir='ltr'>Seruii,</span> <span class='ocrx_word' id='word_1_247' title='bbox 1286 2270 1491 2311; x_wconf 85' lang='lat' dir='ltr'>Varronis</span> <span class='ocrx_word' id='word_1_248' title='bbox 1541 2270 1779 2324; x_wconf 77' lang='lat' dir='ltr'>adparatus,</span> 
     </span>
     <span class='ocr_line' id='line_1_32' title="bbox 257 2337 1778 2393; baseline 0.001 -16"><span class='ocrx_word' id='word_1_249' title='bbox 257 2354 381 2393; x_wconf 76' lang='lat' dir='ltr'>quenl</span> <span class='ocrx_word' id='word_1_250' title='bbox 421 2339 658 2379; x_wconf 76' lang='lat' dir='ltr'>conlectum</span> <span class='ocrx_word' id='word_1_251' title='bbox 696 2355 783 2380; x_wconf 82' lang='lat' dir='ltr'>esse</span> <span class='ocrx_word' id='word_1_252' title='bbox 816 2339 964 2380; x_wconf 82' lang='lat' dir='ltr'>scirem</span> <span class='ocrx_word' id='word_1_253' title='bbox 997 2355 1020 2379; x_wconf 89' lang='grc'>11</span> <span class='ocrx_word' id='word_1_254' title='bbox 1053 2339 1154 2379; x_wconf 90' lang='lat' dir='ltr'>uiris</span> <span class='ocrx_word' id='word_1_255' title='bbox 1193 2338 1346 2390; x_wconf 87' lang='lat' dir='ltr'>doctis,</span> <span class='ocrx_word' id='word_1_256' title='bbox 1386 2337 1577 2378; x_wconf 89' lang='lat' dir='ltr'>nondum</span> <span class='ocrx_word' id='word_1_257' title='bbox 1620 2338 1778 2391; x_wconf 90' lang='lat' dir='ltr'>publici</span> 
     </span>
     <span class='ocr_line' id='line_1_33' title="bbox 257 2405 1780 2461; baseline -0.001 -14"><span class='ocrx_word' id='word_1_258' title='bbox 257 2407 359 2447; x_wconf 87' lang='lat' dir='ltr'>iuris</span> <span class='ocrx_word' id='word_1_259' title='bbox 392 2408 526 2446; x_wconf 77' lang='lat' dir='ltr'>faetus</span> <span class='ocrx_word' id='word_1_260' title='bbox 558 2410 684 2460; x_wconf 81' lang='lat' dir='ltr'>esset,</span> <span class='ocrx_word' id='word_1_261' title='bbox 725 2407 820 2448; x_wconf 87' lang='lat' dir='ltr'>illos</span> <span class='ocrx_word' id='word_1_262' title='bbox 851 2407 1045 2461; x_wconf 83' lang='lat' dir='ltr'>precibus</span> <span class='ocrx_word' id='word_1_263' title='bbox 1077 2406 1180 2459; x_wconf 89' lang='lat' dir='ltr'>adii,</span> <span class='ocrx_word' id='word_1_264' title='bbox 1222 2408 1266 2446; x_wconf 79' lang='lat' dir='ltr'>ut</span> <span class='ocrx_word' id='word_1_265' title='bbox 1306 2405 1411 2446; x_wconf 89' lang='lat' dir='ltr'>mihi</span> <span class='ocrx_word' id='word_1_266' title='bbox 1449 2405 1653 2446; x_wconf 87' lang='lat' dir='ltr'>utendum</span> <span class='ocrx_word' id='word_1_267' title='bbox 1685 2421 1780 2446; x_wconf 91' lang='lat' dir='ltr'>eum</span> 
     </span>
     <span class='ocr_line' id='line_1_34' title="bbox 258 2473 1780 2528; baseline -0.001 -13"><span class='ocrx_word' id='word_1_268' title='bbox 258 2473 581 2527; x_wconf 79' lang='lat' dir='ltr'>conmodarent,</span> <span class='ocrx_word' id='word_1_269' title='bbox 621 2477 746 2528; x_wconf 84' lang='lat' dir='ltr'>atque</span> <span class='ocrx_word' id='word_1_270' title='bbox 783 2475 826 2515; x_wconf 91' lang='lat' dir='ltr'>in</span> <span class='ocrx_word' id='word_1_271' title='bbox 859 2489 905 2515; x_wconf 84' lang='lat' dir='ltr'>ea</span> <span class='ocrx_word' id='word_1_272' title='bbox 936 2489 980 2515; x_wconf 89' lang='lat' dir='ltr'>re</span> <span class='ocrx_word' id='word_1_273' title='bbox 1012 2474 1202 2515; x_wconf 89' lang='grc'><strong>011111111111</strong></span> <span class='ocrx_word' id='word_1_274' title='bbox 1233 2488 1439 2514; x_wconf 87' lang='lat' dir='ltr'>summam</span> <span class='ocrx_word' id='word_1_275' title='bbox 1470 2473 1780 2514; x_wconf 88' lang='lat' dir='ltr'>humanitatem</span> 
     </span>
     <span class='ocr_line' id='line_1_35' title="bbox 259 2540 1779 2596; baseline 0.001 -16"><span class='ocrx_word' id='word_1_276' title='bbox 259 2545 299 2583; x_wconf 76' lang='lat' dir='ltr'>et</span> <span class='ocrx_word' id='word_1_277' title='bbox 331 2542 673 2583; x_wconf 86' lang='lat' dir='ltr'>beneuolentiam</span> <span class='ocrx_word' id='word_1_278' title='bbox 705 2545 901 2596; x_wconf 82' lang='lat' dir='ltr'>expertus</span> <span class='ocrx_word' id='word_1_279' title='bbox 932 2557 1037 2583; x_wconf 88' lang='lat' dir='ltr'>sum.</span> <span class='ocrx_word' id='word_1_280' title='bbox 1089 2543 1296 2595; x_wconf 69' lang='grc'><strong>1111111011115</strong></span> <span class='ocrx_word' id='word_1_281' title='bbox 1327 2543 1469 2581; x_wconf 88' lang='lat' dir='ltr'>tamen</span> <span class='ocrx_word' id='word_1_282' title='bbox 1500 2540 1552 2581; x_wconf 91' lang='lat' dir='ltr'>ad</span> <span class='ocrx_word' id='word_1_283' title='bbox 1581 2555 1649 2581; x_wconf 87' lang='lat' dir='ltr'>eas</span> <span class='ocrx_word' id='word_1_284' title='bbox 1670 2541 1779 2582; x_wconf 64' lang='lat' dir='ltr'>reili-</span> 
     </span>
     <span class='ocr_line' id='line_1_36' title="bbox 259 2608 1779 2664; baseline 0.001 -17"><span class='ocrx_word' id='word_1_285' title='bbox 259 2611 398 2663; x_wconf 84' lang='lat' dir='ltr'>quias,</span> <span class='ocrx_word' id='word_1_286' title='bbox 431 2625 536 2664; x_wconf 86' lang='lat' dir='ltr'>quae</span> <span class='ocrx_word' id='word_1_287' title='bbox 560 2625 646 2651; x_wconf 88' lang='lat' dir='ltr'>non</span> <span class='ocrx_word' id='word_1_288' title='bbox 669 2610 895 2650; x_wconf 89' lang='lat' dir='ltr'>uerborum</span> <span class='ocrx_word' id='word_1_289' title='bbox 917 2609 988 2651; x_wconf 89' lang='lat' dir='ltr'>sed</span> <span class='ocrx_word' id='word_1_290' title='bbox 1010 2624 1150 2650; x_wconf 87' lang='lat' dir='ltr'>rerum</span> <span class='ocrx_word' id='word_1_291' title='bbox 1171 2608 1310 2649; x_wconf 90' lang='lat' dir='ltr'>studio</span> <span class='ocrx_word' id='word_1_292' title='bbox 1333 2608 1556 2662; x_wconf 88' lang='lat' dir='ltr'>debentur,</span> <span class='ocrx_word' id='word_1_293' title='bbox 1588 2608 1779 2649; x_wconf 84' lang='lat' dir='ltr'>codicum</span> 
     </span>
     <span class='ocr_line' id='line_1_37' title="bbox 261 2675 1779 2731; baseline 0 -14"><span class='ocrx_word' id='word_1_294' title='bbox 261 2678 563 2731; x_wconf 74' lang='lat' dir='ltr'>discrepantias</span> <span class='ocrx_word' id='word_1_295' title='bbox 585 2677 850 2730; x_wconf 81' lang='lat' dir='ltr'>adnotarem,</span> <span class='ocrx_word' id='word_1_296' title='bbox 884 2677 954 2717; x_wconf 91' lang='lat' dir='ltr'>diu</span> <span class='ocrx_word' id='word_1_297' title='bbox 976 2677 1173 2717; x_wconf 84' lang='lat' dir='ltr'>dubitans</span> <span class='ocrx_word' id='word_1_298' title='bbox 1193 2675 1422 2729; x_wconf 78' lang='lat' dir='ltr'>haesitaui3</span> <span class='ocrx_word' id='word_1_299' title='bbox 1456 2676 1632 2717; x_wconf 88' lang='lat' dir='ltr'>uerebar</span> <span class='ocrx_word' id='word_1_300' title='bbox 1653 2676 1779 2729; x_wconf 87' lang='lat' dir='ltr'>enim,</span> 
     </span>
     <span class='ocr_line' id='line_1_38' title="bbox 261 2743 1778 2799; baseline -0.001 -15"><span class='ocrx_word' id='word_1_301' title='bbox 261 2745 314 2798; x_wconf 81' lang='lat' dir='ltr'>si,</span> <span class='ocrx_word' id='word_1_302' title='bbox 343 2760 448 2798; x_wconf 89' lang='lat' dir='ltr'>quae</span> <span class='ocrx_word' id='word_1_303' title='bbox 478 2745 582 2786; x_wconf 89' lang='lat' dir='ltr'>mihi</span> <span class='ocrx_word' id='word_1_304' title='bbox 606 2745 792 2799; x_wconf 87' lang='lat' dir='ltr'>potiores</span> <span class='ocrx_word' id='word_1_305' title='bbox 814 2744 1078 2797; x_wconf 87' lang='lat' dir='ltr'>uiderentur,</span> <span class='ocrx_word' id='word_1_306' title='bbox 1111 2743 1409 2797; x_wconf 86' lang='lat' dir='ltr'>adscriberem,</span> <span class='ocrx_word' id='word_1_307' title='bbox 1441 2759 1494 2784; x_wconf 91' lang='grc'>110</span> <span class='ocrx_word' id='word_1_308' title='bbox 1527 2744 1778 2796; x_wconf 87' lang='lat' dir='ltr'>omitterem,</span> 
     </span>
     <span class='ocr_line' id='line_1_39' title="bbox 261 2810 1779 2866; baseline 0.001 -16"><span class='ocrx_word' id='word_1_309' title='bbox 261 2828 366 2865; x_wconf 85' lang='lat' dir='ltr'>quae</span> <span class='ocrx_word' id='word_1_310' title='bbox 404 2813 496 2853; x_wconf 86' lang='lat' dir='ltr'>aliis</span> <span class='ocrx_word' id='word_1_311' title='bbox 536 2813 706 2854; x_wconf 86' lang='lat' dir='ltr'>maioris</span> <span class='ocrx_word' id='word_1_312' title='bbox 746 2812 871 2866; x_wconf 86' lang='lat' dir='ltr'>pretii</span> <span class='ocrx_word' id='word_1_313' title='bbox 911 2827 998 2853; x_wconf 87' lang='lat' dir='ltr'>esse</span> <span class='ocrx_word' id='word_1_314' title='bbox 1039 2811 1302 2864; x_wconf 87' lang='lat' dir='ltr'>uiderentur,</span> <span class='ocrx_word' id='word_1_315' title='bbox 1339 2813 1385 2851; x_wconf 89' lang='lat' dir='ltr'>ut</span> <span class='ocrx_word' id='word_1_316' title='bbox 1423 2811 1534 2865; x_wconf 88' lang='lat' dir='ltr'>ipsas</span> <span class='ocrx_word' id='word_1_317' title='bbox 1573 2810 1779 2851; x_wconf 87' lang='lat' dir='ltr'>editiones</span> 
     </span>
     <span class='ocr_line' id='line_1_40' title="bbox 262 2878 1779 2934; baseline -0.003 -12"><span class='ocrx_word' id='word_1_318' title='bbox 262 2881 479 2922; x_wconf 79' lang='lat' dir='ltr'>reuoluere</span> <span class='ocrx_word' id='word_1_319' title='bbox 520 2883 792 2933; x_wconf 58' lang='lat' dir='ltr'>cogerentur,</span> <span class='ocrx_word' id='word_1_320' title='bbox 832 2879 944 2934; x_wconf 88' lang='lat' dir='ltr'>quod</span> <span class='ocrx_word' id='word_1_321' title='bbox 977 2879 1043 2920; x_wconf 87' lang='lat' dir='ltr'>uel</span> <span class='ocrx_word' id='word_1_322' title='bbox 1076 2879 1255 2920; x_wconf 82' lang='lat' dir='ltr'>maxime</span> <span class='ocrx_word' id='word_1_323' title='bbox 1288 2879 1331 2919; x_wconf 89' lang='lat' dir='ltr'>in</span> <span class='ocrx_word' id='word_1_324' title='bbox 1363 2893 1488 2933; x_wconf 87' lang='lat' dir='ltr'>opere</span> <span class='ocrx_word' id='word_1_325' title='bbox 1519 2892 1612 2919; x_wconf 89' lang='lat' dir='ltr'>meo</span> <span class='ocrx_word' id='word_1_326' title='bbox 1645 2878 1779 2919; x_wconf 84' lang='lat' dir='ltr'>uitare</span> 
     </span>
    </p>
   </div>
  </div>
 </body>
</html>
