1884 3213
263 190 518 222 cccxxxnn
622 182 684 214 Di:
712 180 1022 213 scanTouvM
1050 180 1175 213 v1'r1s
1202 179 1264 212 ΕΤ
1292 179 1510 213 SCRIPTIS

254 294 432 335 ἐκεῖ-θεν
465 293 524 340 εἰς
555 289 745 346 ἀγοράν,
785 289 846 340 (ὃς
874 289 1030 345 ἠξίουν
1068 291 1254 344 ἐκεῖνοι,
1294 289 1372 340 τὰς
1403 289 1620 344 ἀπραξίας
1650 292 1781 334 ἔλυσε

255 366 315 413 [l'r.
354 361 430 410 11).
492 376 607 414 quam
645 363 805 413 quidem
843 363 1075 400 memoriam
1116 361 1222 401 nulla
1262 362 1390 401 addita
1432 361 1697 413 discrepantia
1741 365 1780 402 in

252 431 382 469 sullae
416 432 493 468 uita
527 444 561 468 c.
594 427 618 468 8
650 432 830 481 sequitur
862 429 1119 474 Plutarchus,
1154 428 1223 468 ubi
1257 431 1552 481 Iniquissimum
1586 430 1779 469 iudicium

251 501 323 537 lert
359 498 404 536 dc
438 498 605 549 Sulpicii
637 498 806 536 consilio
839 503 877 537 et
908 496 1064 547 legibus
1098 497 1160 547 lde
1186 497 1294 544 sont.
1320 498 1423 537 Plut.
1449 499 1488 548 p.'
1514 494 1594 536 10⁶2
1618 510 1673 549 sq.
1696 495 1778 550 58).

249 569 374 617 Atque
407 565 501 604 haec
534 565 694 616 quidem
726 566 929 605 hactenus.

361 633 487 672 Verba
530 646 626 672 uero
667 634 798 673 Sullae
845 633 1075 673 adtulerunt
1120 639 1279 684 praeter
1318 632 1576 671 Plutarchum
1624 633 1780 672 duobus

252 702 349 741 locis
381 701 572 740 Gellius
606 699 669 751 (fr.
703 698 741 738 2.
775 699 836 745 31,
869 701 1038 752 singulis
1070 701 1246 739 Cicero
1282 699 1344 747 [fr.
1378 697 1439 752 9),
1482 700 1682 739 Plinius
1716 701 1778 751 (sr.

254 766 380 819 ΗΝ),
424 769 726 808 Priscianus
768 770 830 817 cfr.
867 766 950 821 20)-
1011 770 1040 807 A
1079 768 1224 820 quibus
1263 768 1350 806 aliis
1388 768 1654 819 scriptoribus
1695 771 1780 808 eius

251 839 515 876 conmentarii
539 839 577 875 in
601 836 814 875 scribendo
838 836 1004 876 adhibiti
1027 838 1124 881 sint,
1158 838 1371 874 nescimus.
1406 835 1503 875 illud
1532 842 1663 875 tamen
1686 849 1779 876 con-

250 910 344 948 stat,
390 917 460 955 per
500 917 566 943 eos
599 907 775 944 uitiatam
809 918 893 943 esse
926 905 1067 943 horum
1099 916 1293 943 annorum
1326 901 1621 956 uicinoriam2),
1662 909 1779 956 atque

250 974 368 1011 ctiam
400 972 501 1024 apud
534 972 637 1011 Liuii
676 972 912 1024 pedisequos
945 972 1077 1011 Sullae
1117 974 1283 1021 uestigia
1317 974 1557 1010 inuenimus.
1611 977 1653 1010 ut
1685 979 1778 1011 con·-

250 1042 366 1078 sentit
409 1040 626 1091 Eutropius
657 1040 687 1078 V
718 1038 743 1079 6
784 1040 830 1079 de
871 1052 1038 1078 numero
1085 1040 1291 1078 hominum
1338 1040 1385 1079 ad
1424 1039 1692 1079 Chaeroneam
1738 1043 1778 1079 in

252 1113 417 1159 utraque
450 1110 533 1147 acie
565 1121 773 1147 caesorum
808 1109 869 1150 [fr.
906 1106 968 1159 15)
1004 1113 1042 1146 et
1074 1107 1120 1145 dc
1153 1107 1410 1146 multitudine
1442 1107 1616 1146 hostium
1655 1113 1693 1147 et
1731 1108 1778 1148 ad

249 1176 372 1215 Tifata
406 1181 580 1214 montem
620 1176 657 1224 ¹V
685 1173 709 1214 S
742 1177 790 1214 fr.
827 1173 890 1225 18)
924 1180 963 1214 et
993 1175 1040 1214 ad
1071 1175 1345 1226 Sacriportum
1378 1176 1681 1214 interfectorum
1713 1177 1776 1227 (fr.

254 1241 372 1294 19).3ἳ
409 1246 447 1282 in
469 1244 691 1295 Appianum
723 1243 913 1295 quaedam
946 1256 991 1282 cx
1015 1243 1148 1282 Sullae
1181 1245 1465 1282 conmentariis
1494 1244 1654 1282 {luxisse
1687 1244 1778 1283 inde

249 1311 353 1362 quod
386 1311 489 1350 haud
521 1323 612 1350 raro
644 1324 734 1351 cum
766 1311 978 1351 Plutarcho
1016 1313 1221 1362 congruit,
1264 1313 1452 1350 conicias.
1513 1311 1614 1350 nihil
1649 1316 1777 1351 tamen

251 1381 352 1418 certi
384 1381 471 1418 erui
502 1384 645 1431 potest.

344 1536 366 1577 ¹)
392 1536 535 1571 Plinius
560 1537 655 1568 hunc
680 1537 797 1569 locum
817 1536 975 1569 fortasse
994 1537 1148 1578 sumpsit
1166 1547 1210 1568 ex
1228 1536 1387 1569 Masurio
1406 1536 1561 1576 Sabino,
1590 1537 1649 1568 eui
1669 1547 1778 1578 quae-

251 1603 392 1634 cunque
420 1593 463 1625 de
491 1594 630 1625 coronis
657 1594 852 1635 expromit,
879 1593 1006 1633 debet,
1033 1592 1096 1624 sed
1123 1592 1219 1634 quod
1245 1592 1417 1625 librorum
1436 1592 1560 1625 Sullae
1585 1592 1776 1625 consilium

250 1649 400 1689 fuisset,
436 1660 514 1681 eum
541 1660 611 1681 non
639 1650 777 1691 fugisse
805 1649 889 1680 inde
916 1649 1070 1691 adparet
1096 1649 1190 1690 quod
1213 1649 1248 1680 in
1276 1660 1329 1691 re,
1363 1659 1455 1691 quae
1488 1660 1552 1691 per
1577 1659 1616 1680 se
1642 1648 1776 1680 nullam

251 1709 398 1737 moueat
424 1705 680 1747 suspicionem,
706 1705 857 1747 originis
874 1708 1015 1745 tamen,
1041 1704 1136 1736 unde
1157 1705 1268 1738 ducta
1294 1707 1354 1745 sit,
1382 1716 1526 1747 memor,
1552 1709 1659 1738 caute
1679 1705 1776 1738 adie-

251 1762 301 1793 cit
326 1764 416 1804 qnod
438 1764 468 1794 si
492 1773 603 1793 uerum
630 1767 691 1793 est.

340 1818 366 1857 ²)
393 1819 447 1849 An
474 1819 586 1849 etiam
612 1828 675 1859 per
695 1817 907 1858 Sisennam,
935 1828 1041 1859 quem
1068 1818 1161 1860 quod
1190 1829 1316 1860 parum
1342 1818 1456 1851 libero
1482 1829 1542 1851 ore
1569 1829 1626 1851 res
1652 1818 1776 1851 Sullae

252 1874 403 1916 dixerit,
432 1874 619 1916 uituperat
646 1873 842 1906 Sallustius
870 1875 901 1906 b.
928 1873 1006 1916 lug.
1032 1876 1100 1907 95?

339 1930 367 1971 3)
394 1931 474 1962 lIoc
501 1934 624 1962 tamen
651 1930 730 1962 loco
756 1933 984 1972 paucitatem
1011 1931 1166 1963 militum
1192 1930 1316 1964 Sullae
1346 1932 1545 1964 occisorum
1577 1932 1613 1963 in
1645 1931 1774 1964 ducen-

252 1991 307 2017 tos
333 1987 451 2026 auxit,
479 1989 596 2027 priore
624 1986 766 2017 addidit
793 1997 871 2017 cum
897 1986 1026 2018 Orosio
1053 1987 1098 2026 (V
1117 1989 1170 2021 20.
1200 1988 1246 2021 cf.
1276 1987 1398 2021 adnot.
1420 1988 1464 2019 ad
1490 1988 1532 2022 fr,
1555 1988 1609 2029 18)
1637 1988 1773 2020 Sullam

256 2042 428 2075 (JXXIIII
462 2053 606 2074 suorum
640 2043 824 2081 amisisse,
858 2053 963 2084 quem
996 2054 1180 2075 numerum
1214 2045 1387 2076 omiserat
1421 2044 1650 2076 Plutarchus.
1701 2048 1774 2076 tum

252 2100 448 2140 Eutropius
475 2099 505 2129 V
530 2100 550 2131 8
577 2099 686 2130 etiam
714 2103 823 2141 capta
848 2109 925 2130 esse
952 2099 1110 2131 hostium
1138 2110 1200 2132 sex
1226 2101 1323 2132 milia
1349 2101 1488 2134 scribit.
1528 2101 1716 2142 Appianus
1742 2101 1775 2133 b.

252 2156 375 2187 2:184
402 2155 524 2187 hostes
550 2160 676 2196 captos
702 2159 738 2187 et
763 2156 977 2187 interfectos
997 2157 1266 2188 conmutauisse
1292 2157 1438 2188 uidetur
1463 2154 1542 2197 (καὶ
1561 2151 1775 2199 θνήσκουσι

253 2210 468 2253 Νωρβανοῦ
499 2206 785 2253 ἑξακισχίλιοι),
820 2211 1048 2243 Sullanorum
1083 2213 1321 2254 septuaginta
1352 2213 1506 2252 occi50S‚
1541 2213 1672 2245 multos
1696 2212 1774 2244 uul-

251 2272 395 2299 neratos
423 2278 501 2300 esse
528 2267 682 2300 rettulit.
