1884 3213
584 746 655 799 M.
699 743 1035 800 AEMILIVS
1079 742 1384 800 SCAVRVS

326 894 502 932 Vidimus
540 893 672 931 medio
711 893 871 931 saeculo
911 893 1025 932 urbis
1067 894 1235 944 septimo
1281 892 1358 930 duo
1404 905 1507 932 noua
1550 893 1740 931 historiae

211 975 356 1013 genera
390 962 634 1005 el'lloruisse,
667 961 915 1000 rhetoricum
947 966 985 999 ct
1017 962 1321 1013 pragmaticum.
1369 961 1436 999 sed
1469 961 1607 999 eodem
1640 965 1739 999 tem-

213 1043 306 1081 pore
347 1030 527 1068 homines
566 1029 726 1080 quidam
764 1028 1008 1067 nobilissimi
1056 1030 1178 1067 etiam
1224 1030 1327 1067 uitas
1372 1041 1463 1066 suas
1509 1027 1741 1067 describere

212 1104 449 1149 coeperunt,
484 1098 532 1136 M.
565 1097 758 1136 Aemilius
790 1096 964 1135 Scaurus
996 1102 1035 1135 et
1066 1097 1107 1135 P.
1140 1096 1315 1135 Rutilius
1344 1096 1491 1139 Rufus,
1534 1097 1602 1146 qui
1636 1097 1741 1134 inter

212 1180 252 1204 se
276 1179 392 1217 saepe
415 1166 674 1216 grauissimas
696 1165 918 1203 simultates
941 1176 1171 1208 exercuere,
1204 1170 1287 1203 tum
1310 1164 1354 1211 Q.
1377 1164 1558 1202 Lutatius
1581 1163 1741 1202 Catulus

213 1240 250 1272 rt
280 1234 321 1272 L.
356 1234 563 1272 Cornelius
595 1231 757 1285 Sulla.¹)
811 1233 1055 1284 Quamquam
1089 1234 1195 1272 enim
1228 1234 1304 1271 iam
1337 1238 1452 1271 antea
1483 1233 1642 1271 fuerant
1673 1233 1741 1283 qui

214 1314 276 1339 res
308 1316 327 1340 a
360 1302 509 1353 populo
532 1303 708 1341 Romano
731 1306 862 1352 gestas
885 1305 1117 1340 enarrantes
1140 1302 1259 1339 etiam
1291 1313 1381 1339 suas
1403 1312 1468 1339 res
1491 1301 1742 1338 innecterent

212 1377 328 1422 atque
366 1393 422 1397 —
462 1371 501 1409 id
539 1370 645 1421 quod
684 1370 872 1409 Catonem
913 1370 1057 1408 secisse
1097 1373 1207 1407 certo
1246 1370 1473 1419 accepimus
1512 1391 1567 1394 —
1605 1369 1645 1406 in
1685 1368 1743 1405 eis

213 1438 418 1476 laudandis
457 1444 495 1476 et
536 1437 814 1489 praedicandis
853 1437 956 1475 haud
996 1438 1107 1487 parci
1146 1441 1296 1480 essent,
1337 1427 1468 1474 tamen
1510 1436 1567 1474 illi
1611 1441 1652 1474 ut
1683 1436 1742 1473 eis

213 1512 365 1544 tantum
404 1506 520 1544 modo
559 1507 695 1549 saetis,
736 1517 835 1556 quae
868 1504 915 1543 ad
946 1517 1031 1543 rem
1063 1503 1265 1555 publicani
1297 1509 1545 1554 spectarent,
1592 1503 1741 1554 aliquid

214 1573 471 1612 tribuendum
504 1586 589 1611 esse
622 1574 968 1616 existimauerant,
1002 1574 1054 1610 ita
1087 1572 1426 1623 (piaememoriae
1457 1571 1742 1610 mandarentur

213 1641 316 1679 solas
357 1641 425 1679 lias
465 1654 529 1679 res
561 1641 700 1689 dignas
741 1640 954 1684 duxerant,
995 1639 1142 1691 quibus
1181 1641 1241 1678 rei
1272 1639 1458 1691 publicae
1498 1638 1743 1678 utilitatibus

214 1710 471 1752 seruassent,
512 1721 640 1758 neque
673 1720 737 1745 eas
770 1709 809 1746 in
842 1708 1011 1746 historia
1044 1720 1063 1745 a
1096 1720 1138 1746 re
1171 1707 1331 1758 publica
1371 1708 1455 1745 ausi
1487 1711 1599 1745 erant
1630 1719 1741 1757 sepa-

216 1790 316 1815 rare.
380 1778 510 1827 itaque
543 1776 646 1826 quod
679 1777 715 1813 ei
748 1776 794 1814 de
827 1775 973 1826 quibus
1005 1788 1110 1814 nunc
1143 1775 1344 1826 loquimur
1375 1787 1464 1813 suas
1496 1776 1600 1812 uitas
1631 1786 1741 1825 sepa-

215 1846 331 1882 ratim
374 1843 556 1888 edidere,
597 1845 842 1882 senescentis
882 1849 941 1881 est
973 1844 1125 1894 patriae
1163 1845 1310 1881 amoris
1353 1848 1391 1881 et
1427 1843 1743 1893 ingrauescentis

215 1914 275 1950 sui
311 1913 486 1962 ipsorum
521 1911 771 1962 cupiditatis,
806 1924 905 1962 quae
938 1917 975 1949 et
1008 1912 1047 1949 in
1081 1923 1123 1949 re
1156 1924 1192 1961 p.
1226 1917 1265 1949 et
1297 1912 1337 1949 in
1369 1911 1515 1949 litteris
1546 1915 1628 1948 tuln
1651 1921 1741 1960 pro-

217 1981 356 2018 uenire
389 1980 534 2029 coepit.

328 2048 454 2097 Atque
487 2046 636 2084 Sullam
670 2046 828 2097 quidem
871 2051 1001 2096 postea
1036 2046 1398 2085 demonstrabimus
1430 2045 1469 2084 id
1501 2050 1741 2084 commenta-

217 2117 288 2153 riis
321 2116 404 2152 suis
437 2116 584 2163 egisse,
619 2120 662 2152 ut
695 2126 758 2151 res
791 2126 900 2157 suas,
933 2115 1080 2165 quippe
1113 2127 1208 2164 quas
1239 2115 1434 2152 diuinitus
1467 2112 1625 2151 adiutus
1655 2124 1742 2163 ges-

216 2184 352 2225 sisset,
401 2182 624 2220 celebraret
665 2187 702 2219 et
747 2182 915 2219 crimina
965 2183 1003 2219 in
1051 2194 1091 2218 se
1138 2182 1291 2220 conlata
1340 2180 1571 2220 defenderet
1615 2193 1742 2231 neque

218 2251 444 2301 pepercisse
478 2263 567 2287 eum
601 2248 707 2287 laudi
742 2261 834 2285 suae
867 2249 1095 2299 gloriaeque
1128 2255 1166 2287 et
1204 2261 1274 2300 per
1315 2261 1356 2287 se
1387 2248 1581 2287 credibile
1615 2253 1674 2286 est
1705 2252 1744 2286 et

217 2316 482 2368 ‹tonpliwilms
515 2317 612 2355 locis
645 2318 917 2355 confirmatur.
975 2317 1091 2353 etiam
1126 2316 1254 2354 Catuli
1287 2316 1437 2366 aliquot
1470 2317 1651 2365 uestigiis
1683 2316 1742 2353 in-

218 2385 374 2422 dicatur
421 2384 493 2422 hoc
540 2384 752 2423 consilium
798 2384 940 2427 fuisse,
990 2389 1030 2421 ut
1077 2384 1229 2421 laudem
1273 2396 1403 2428 suam,
1449 2395 1566 2434 quam
1598 2382 1743 2421 Marius

218 2452 521 2495 obseuranerat,
557 2453 595 2489 in
630 2451 757 2489 lucem
791 2456 999 2489 reuocaret
1031 2456 1068 2488 et
1102 2451 1346 2489 inlustraret.
1409 2456 1445 2488 at
1477 2451 1524 2488 de
1556 2451 1634 2494 eis,
1675 2452 1742 2501 qui

220 2521 335 2570 primi
369 2519 465 2557 huie
499 2519 689 2557 historico
721 2520 858 2568 generi
892 2531 1050 2569 operam
1083 2518 1297 2562 dederunt,
1331 2518 1378 2556 de
1400 2517 1550 2556 Scauro
1582 2523 1619 2556 et
1640 2517 1743 2556 Ruso

312 2676 335 2716 ¹)
363 2677 416 2708 De
451 2677 504 2707 eis
538 2675 787 2718 peculiaribus
817 2674 921 2706 libris
947 2685 1054 2715 egere
1082 2675 1122 2706 L.
1149 2675 1291 2716 VViese,
1325 2676 1555 2707 commentatio
1587 2674 1628 2705 de
1657 2674 1743 2705 uita-

218 2744 287 2763 rum
313 2733 536 2773 scriptoribus
562 2732 729 2763 Romanis.
781 2741 898 2773 progr.
925 2741 1043 2771 grymn.
1072 2731 1303 2765 Ioachimsth.
1332 2732 1427 2763 1840.
1456 2731 1511 2763 W.
1537 2730 1581 2761 H.
1606 2729 1650 2763 D.
1679 2730 1743 2762 Su·

220 2789 359 2828 ringsar,
386 2790 427 2820 de
455 2789 609 2820 Humanis
635 2787 909 2829 antobioyrapln's
932 2788 1003 2818 siue
1028 2788 1068 2818 iis
1094 2789 1150 2829 qni
1174 2789 1214 2819 de
1239 2799 1300 2819 sna
1332 2788 1398 2829 ipsi
1427 2787 1636 2828 scripserunt
1661 2786 1741 2817 uita.

221 2844 336 2885 Lugd.
363 2846 442 2878 Bar,
473 2845 566 2876 1846.
592 2844 637 2878 ef,
658 2844 775 2876 Cicer.
796 2842 841 2874 ad
869 2843 952 2874 fam.
972 2844 1002 2875 V
1024 2845 1073 2883 1⁶3,
1093 2845 1113 2876 8
1139 2843 1289 2874 Scribam
1316 2844 1387 2885 ipse
1413 2844 1454 2875 de
1479 2853 1543 2879 me,
1570 2845 1743 2874 multorum

219 2905 325 2931 lamen
352 2902 504 2941 exemplo
531 2906 563 2931 el
588 2902 756 2932 clarorum
782 2901 939 2933 uirorum.
