1884 3213
220 182 275 222 ρο
834 181 1134 222 RELLIQVIAE

219 310 260 335 τι
292 293 424 348 μέρος
457 291 666 346 εὑρεθείη
706 293 787 333 τοῦ
824 291 972 346 λόφου
1017 292 1162 347 κλοπῇ
1205 295 1438 347 ληφθῆναι
1483 291 1680 334 δυνατὸν
1717 288 1746 347 ἦ

218 363 308 416 βία,
349 359 576 414 παρθένος
617 375 681 408 τις
719 357 807 400 ἀπὸ
853 363 935 401 τοῦ
973 359 1202 415 μετεώρου
1240 360 1503 402 κατεσκόπει
1539 359 1744 415 θυγάτηρ

219 426 385 481 ἀνδρὸς
417 428 684 483 ἐπιφανοῦς,
717 421 752 469 ὦ
774 427 1035 482 προσέκειτο
1056 426 1082 483 ἡ
1105 430 1186 469 τοῦ
1206 429 1373 481 χωρίου
1395 428 1590 483 φυλακή,
1629 427 1743 482 Τάρ-

218 510 321 538 πεια
354 490 507 551 ὄνομα.
570 495 645 537 καὶ
676 493 833 550 αὐτὴν,
866 493 926 545 τὸς
955 495 1038 550 μὲν
1070 493 1239 549 Φάβιός
1268 512 1313 537 τε
1336 496 1411 537 καὶ
1432 498 1615 549 Κίγκιος
1635 495 1745 549 γρά-

218 575 401 618 φουσιν,
434 566 545 619 ἔρως
577 564 813 619 είςέρχεται
844 566 935 605 τῶν
967 565 1179 617 ψελλίων,
1212 559 1240 605 ὁὶ
1260 564 1362 619 περὶ
1383 570 1475 612 τοῖς
1495 561 1744 618 ἀριστεροῖς

216 633 453 686 βραχίοσιν
493 632 720 687 ἐφόρουν,
765 631 839 672 καὶ
877 634 968 673 τῶν
1013 631 1288 673 δακτυλίων·
1337 630 1616 686 χρυσοφόροι
1658 628 1745 685 γὰρ

216 692 331 754 ἦσαν
362 700 409 741 οἱ
436 703 626 753 Σαβῖνοι
663 699 763 741 τότε
794 700 869 740 καὶ
907 698 1158 754 Τυρρηνῶν
1189 697 1271 753 οὐχ
1301 691 1436 753 [ἧττον
1467 696 1745 753 ἁβροδίαιτοι

217 769 422 822 <sequitur
444 771 719 820 discrepantia
741 771 898 809 pisonis
923 770 985 818 fr.
1007 768 1089 821 5.>.
1131 767 1339 822 πέμψασα
1372 765 1415 807 δ’
1448 760 1534 808 οὖν
1554 768 1644 807 τῶν
1663 769 1745 807 θεῃ

217 835 499 890 ραπαινίδων
529 833 629 877 τινα
651 833 724 877 διὰ
744 836 946 889 πυλίδος,
978 832 1035 888 ἣν
1057 832 1207 883 οὐδεὶς
1238 836 1408 888 ἔμαθεν
1431 832 1742 889 ἀνοιγομένην,

213 902 342 957 ἠξίου
373 901 452 944 τὸν
481 903 668 957 βασιλέα
704 905 796 944 τῶν
827 904 1041 956 Σαβίνων
1073 903 1227 944 ἐλθεῖν
1264 900 1377 957 αὐτῇ
1408 902 1508 956 δίχα
1538 905 1629 944 τῶν
1660 899 1740 942 ἄλ-
1759 923 1791 947 10

215 973 307 1012 λων
331 971 392 1020 εἰς
413 970 589 1025 λόγους,
623 969 682 1020 ὡς
705 971 864 1026 ἐκείνῳ
886 970 1175 1024 διαλεξομένη
1197 970 1298 1025 περὶ
1320 969 1576 1024 πράγματος
1606 967 1744 1022 ἀναγ-

215 1042 347 1080 καίου
393 1039 467 1081 καὶ
511 1037 724 1093 μεγάλου.
787 1038 1032 1093 δεξαμένου
1079 1037 1127 1078 δὲ
1166 1040 1247 1079 τοῦ
1291 1039 1454 1079 Τατίου
1491 1036 1571 1079 τὸν
1608 1036 1744 1090 λόγον

215 1105 313 1148 κατ’
346 1107 506 1148 ἐλπίδα
538 1106 782 1160 προδοσίας
804 1106 877 1147 καὶ
900 1105 1206 1153 συνελθόντος
1228 1105 1288 1154 εἰς
1319 1102 1397 1146 τὸν
1420 1103 1744 1158 ἀποδειχθέντα

214 1174 377 1229 τόπον,
423 1176 714 1227 προελθοῦσα
763 1174 825 1223 είς
864 1169 1051 1228 ἐφικτὸν
1087 1171 1113 1228 ἡ
1154 1173 1381 1227 παρθένος
1426 1171 1743 1227 ἐξεληλυθέναι

213 1243 295 1297 μὲν
332 1239 496 1290 νυκτὸς
535 1243 584 1283 ἐκ
616 1244 697 1283 τοῦ
736 1243 963 1296 φρουρίου
1001 1239 1080 1283 τὸν
1111 1242 1278 1293 πατέρα
1309 1237 1446 1294 αὐτῆς
1475 1241 1560 1294 ε”φη
1592 1241 1740 1293 χρείας
1758 1262 1788 1286 15

213 1308 333 1359 τινὸς
364 1310 517 1357 ἕνεκα,
558 1308 634 1358 τας
666 1309 713 1350 δὲ
755 1312 875 1358 κλεῖς
913 1307 1024 1363 αὕτη
1065 1308 1311 1363 φυλάττειν
1348 1311 1440 1349 τῶν
1471 1309 1630 1349 πυλῶν
1669 1307 1742 1348 καὶ

213 1377 501 1433 παραδώσειν
532 1375 684 1426 αὐτοῖς
714 1375 764 1418 τό
795 1378 939 1431 ε”ρυμα
970 1374 1133 1426 νυκτὸς
1162 1374 1450 1431 ἀφικομένοις
1479 1375 1647 1428 μισθὸν
1667 1378 1743 1429 τῆς

213 1446 458 1499 προδοσίας
488 1447 691 1499 λαβοῦσα
721 1442 774 1486 τά
805 1443 1042 1500 φορήματα
1072 1446 1164 1485 τῶν
1196 1445 1432 1497 Σαβίνων,
1464 1439 1492 1484 ὁὶ
1521 1444 1623 1498 περὶ
1652 1450 1744 1491 τοῖς

214 1511 466 1567 εὐωνύμοις
511 1509 632 1567 εἶχον
679 1511 872 1561 ἅπαντες
914 1513 1163 1566 βραχίοσιν.
1225 1509 1524 1560 εὐδοκοῦντος
1569 1510 1618 1552 δὲ
1662 1512 1742 1551 τοῦ

219 1582 382 1622 Τατίου
414 1582 618 1634 λαβοῦσα
647 1578 726 1629 τοὶς
757 1581 926 1629 πίστεις
956 1577 1016 1620 δι’
1049 1578 1199 1634 ὅρκων
1219 1576 1325 1633 παρ’
1360 1577 1499 1619 αὐτοῦ
1521 1577 1595 1619 καὶ
1625 1576 1735 1632 αὕτη
1754 1600 1787 1625 20

212 1649 357 1690 δοῦσα
395 1649 477 1689 τοῦ
515 1645 572 1702 μὴ
605 1648 856 1697 ψεύδεσθαι
894 1645 970 1695 τοὶς
1009 1644 1246 1700 ὁμολογίας
1282 1646 1421 1688 τόπον
1451 1661 1497 1688 τε
1537 1643 1739 1700 ὁρίσασα,

213 1715 288 1770 ἐφ’
329 1712 381 1757 ὃν
420 1716 510 1756 ἔδει
554 1713 661 1764 τούς
702 1716 930 1768 Σαβίνους
970 1715 1147 1769 ἐλθεῖν,
1193 1717 1284 1756 τῶν
1331 1713 1623 1768 έχυρωτάτων
1667 1714 1740 1754 καὶ

210 1782 373 1833 νυκτὸς
422 1781 547 1838 ὤραν
590 1784 673 1837 τὴν
728 1781 1102 1837 ἀφυλακτοτάτην
1152 1781 1284 1837 ἀπῄει
1336 1783 1409 1823 καὶ
1453 1779 1557 1831 τοὺς
1607 1782 1740 1822 ε”νδον

213 1852 363 1892 ἔλαθε.

1760 583 1776 609 ΩἿ

212 2003 275 2031 aut
309 1998 559 2041 cupididatem
591 2002 711 2030 actum
748 2002 822 2039 est,
862 2009 930 2030 nec
964 1998 1203 2030 ostenderunt
1236 1997 1371 2030 bellum
1413 1999 1511 2040 prius
1548 2008 1653 2039 quam
1686 1998 1737 2029 in-

211 2045 387 2076 tulerunt.
436 2043 587 2076 consilio
627 2044 737 2075 etiam
776 2043 924 2075 additus
963 2043 1079 2077 dolus.
1140 2044 1291 2085 Spurius
1330 2044 1507 2084 Tarpeius
1550 2043 1737 2075 Romanae

210 2093 382 2131 praeerat
406 2090 493 2121 arci.
543 2089 649 2120 huius
675 2088 784 2120 filiam
809 2089 988 2129 uirginem
1014 2099 1100 2120 auro
1126 2089 1321 2130 corrumpit
1345 2089 1488 2128 Tatius,
1514 2092 1552 2120 ut
1578 2091 1737 2120 armatos

210 2136 247 2166 in
281 2145 402 2167 arcem
434 2134 604 2176 accipiat,
651 2145 780 2175 aquam
814 2134 909 2165 forte
942 2144 985 2165 ea
1016 2136 1090 2165 tum
1123 2134 1240 2165 sacris
1273 2137 1376 2165 extra
1408 2133 1551 2165 moenia
1585 2133 1736 2175 petitum

210 2180 314 2212 ierat.
370 2181 514 2221 accepti
544 2180 711 2211 obrutam
751 2180 859 2210 armis
897 2188 1091 2217 uocauere,
1128 2188 1193 2209 seu
1230 2182 1269 2209 ut
1304 2179 1342 2209 ui
1380 2181 1488 2220 capta
1520 2179 1641 2220 potius
1673 2189 1736 2210 arx

210 2225 417 2265 uideretur,
450 2235 512 2256 seu
544 2224 722 2266 prodendi
762 2224 920 2265 exempli
959 2233 1086 2263 causa,
1120 2234 1163 2255 ne
1197 2223 1282 2265 quid
1319 2233 1471 2265 usquam
1510 2223 1617 2255 fidum
1655 2234 1735 2265 pro-

211 2270 321 2302 ditori
365 2274 473 2302 esset.
533 2269 682 2301 additur
720 2269 886 2310 fabulae,
932 2268 1025 2310 quod
1070 2269 1180 2310 uulgo
1227 2268 1354 2300 Sabini
1399 2278 1527 2300 aureas
1573 2269 1735 2300 armillas

210 2316 337 2357 magni
381 2315 552 2357 ponderis
595 2314 746 2346 brachio
788 2314 893 2346 laeuo
936 2317 1208 2355 gemmatosque
1258 2324 1389 2356 magna
1440 2314 1562 2356 specie
1610 2313 1737 2346 anulos

209 2359 424 2400 habuerint,
467 2360 650 2401 pepigisse
693 2370 772 2391 eam
816 2358 912 2400 quod
953 2360 989 2390 in
1039 2359 1198 2390 sinistris
1245 2359 1412 2391 manibus
1452 2359 1641 2392 haberent.
1693 2369 1734 2390 eo

209 2410 312 2437 scuta
352 2405 406 2436 illi
445 2414 508 2446 pro
550 2404 673 2436 aureis
713 2404 816 2436 (lonis
858 2406 1044 2445 congesta.
1093 2402 1158 2444 (θαῚ
1199 2415 1237 2436 eo
1274 2405 1517 2436 17η167κΜαατ,
1547 2403 1670 2435 VIIII
1701 2404 1733 2443 6,

211 2451 254 2491 1.)
293 2451 391 2482 Seru.
430 2451 480 2482 ad
513 2450 616 2491 Vera.
656 2450 745 2482 Aen.
783 2449 884 2480 VIII
915 2450 998 2482 348:
1044 2449 1133 2481 Cum
1159 2450 1254 2481 enim
1291 2449 1465 2481 Romulus
1504 2452 1630 2481 contra
1668 2449 1733 2480 Sa-

209 2496 313 2527 binos
361 2494 461 2527 bella
501 2498 678 2526 tractaret
719 2497 755 2526 et
795 2494 951 2536 Tarpeio
994 2494 1137 2525 cuidam
1179 2494 1340 2526 (ledisset
1388 2504 1506 2526 arcem
1548 2493 1732 2534 tuendam,

208 2540 284 2572 filia
321 2541 399 2573 eius
424 2539 585 2581 Tarpeia
621 2542 794 2581 aquatum
827 2539 995 2580 profecta
1026 2540 1063 2570 in
1096 2539 1220 2571 hostes
1250 2539 1388 2571 incidit.
1439 2549 1546 2580 quam
1577 2549 1656 2570 cum
1688 2540 1733 2570 ad

209 2585 445 2617 hortarentur
485 2585 531 2618 ad
574 2584 815 2626 proditionem
852 2585 946 2616 arcis
990 2584 1054 2615 illa
1102 2595 1166 2626 pro
1207 2585 1368 2626 praemio
1416 2584 1584 2626 poposcit
1631 2594 1733 2616 orna-

208 2634 282 2661 tum
315 2640 483 2662 manuum
521 2630 767 2669 sinistrarum,
808 2629 842 2660 id
880 2632 936 2661 est
967 2629 1138 2660 armillas.
1193 2630 1310 2661 Facta
1350 2630 1475 2670 itaque
1516 2629 1613 2660 arcis
1652 2639 1731 2670 pro-

208 2675 347 2707 ditione
374 2676 496 2707 hostes
529 2675 721 2718 ingeniosa
753 2677 832 2706 arte
858 2672 922 2714 (sic
951 2676 1089 2716 scripsi,
1116 2679 1232 2707 morte
1257 2674 1383 2716 editur)
1410 2674 1588 2716 promissa
1613 2674 1732 2707 solue-

322 2828 358 2859 θ’.
392 2820 582 2871 πέμψασα
612 2827 710 2873 γοῦν
742 2823 932 2870 Ji'iesslings
1080 2824 1142 2859 11.
1174 2819 1425 2874 διαλεξομένη
1455 2823 1646 2871 Kiesslinq

213 2879 273 2914 15.
306 2874 430 2927 αὐτῆς
460 2882 549 2916 libri
577 2892 678 2916 corr.
713 2881 916 2928 Kiessliny.
1051 2880 1115 2915 22.
1148 2875 1215 2915 τὸν
1246 2876 1478 2929 ε’χυρότατον
1508 2880 1713 2927 Ι(τἐ,’.ς’3ίὴι9.
