1884 3213
578 193 620 224 L.
648 176 856 225 eonmvs
882 193 1160 225 ANTIPATER
1455 201 1630 233 ccxxm

106 306 166 346 lit.
229 306 400 358 (lenique
432 306 537 357 quod
578 307 795 357 scriptores
826 306 1083 345 llannibalici
1121 308 1242 345 miras
1275 307 1461 358 quasdam
1501 313 1539 347 et
1570 309 1628 346 in—

106 374 259 412 auditas
298 374 553 413 difficultates
592 373 639 412 ab
671 373 892 412 Hannibale
936 374 975 412 in
1014 374 1172 425 Alpium
1211 377 1381 414 transitu
1424 381 1630 427 superatas

105 453 190 480 esse
228 441 395 480 fabulati
434 446 546 480 erant
588 454 715 492 neque
756 454 775 479 a
814 453 1012 492 quoquam
1060 447 1149 480 ante
1189 455 1278 481 eum
1319 456 1409 481 cum
1450 445 1628 482 exercitu

105 513 266 560 praeter
287 508 501 547 Herculem
526 510 688 548 Graium
720 521 785 547 eas
817 509 1003 546 traiectas
1026 522 1112 547 esse
1145 512 1341 549 linxerant
1374 511 1505 560 (Corn.
1530 511 1626 562 Nep.

103 576 231 615 llann.
254 574 292 614 3.
326 575 475 627 Bujack
506 590 543 628 p.
568 573 605 615 8.
634 573 684 614 14
714 574 801 627 sq.)‚
834 576 1020 614 similiter
1053 576 1223 622 Coelius,
1256 590 1347 616 cum
1379 580 1504 617 ceteri
1535 591 1627 629 pro-

103 656 260 695 speram
283 643 484 695 Scipionis
516 646 557 682 in
579 644 752 682 Africam
785 644 1062 682 traiectionem
1095 646 1180 683 sine
1205 650 1358 684 terrore
1380 659 1424 685 ac
1455 646 1628 685 tumultu

104 712 226 749 fuisse
258 713 534 762 scripsissent,
576 716 618 749 ut
648 711 794 749 similia
835 711 882 749 ‹le
914 710 1103 762 Scipione
1143 725 1214 751 suo
1246 719 1450 755 narraret,
1490 727 1628 752 omnes

103 779 294 817 caelestes
326 780 626 830 maritimosque
649 784 825 817 terrores
857 780 944 817 eius
965 791 1088 817 naues
1109 792 1318 831 perpessas
1341 793 1426 820 esse
1459 793 1626 833 exposu-

104 851 201 891 erat,
237 848 288 885 ita
319 851 452 885 tamen
484 852 526 884 ut
556 846 665 885 nulla
697 848 811 884 nauis
842 851 1093 897 mergeretur
1126 845 1190 898 (fr.
1221 846 1289 900 40>
1309 846 1348 900 ¹).

215 914 351 965 Itaque
383 914 542 953 Coelius
573 919 610 952 et
641 918 767 952 totum
800 916 1044 953 narrationis
1074 915 1251 954 colorem
1283 915 1430 954 (lohere
1462 916 1625 956 uidetur

103 980 277 1032 Sile110‘2)
312 987 349 1021 et
391 982 568 1033 singulas
600 981 788 1032 quasdam
820 994 904 1027 res,
947 995 1043 1033 quas
1083 984 1303 1022 exornandi
1342 997 1459 1023 causa
1501 997 1546 1022 ex
1579 998 1625 1023 eo

104 1051 286 1088 inseruit.
349 1062 586 1101 quamquam
625 1049 723 1088 illud
762 1062 860 1088 caue
899 1063 961 1089 me
994 1052 1223 1090 existimare
1255 1056 1389 1102 putes,
1431 1052 1624 1096 Coelium,

101 1118 171 1168 qui
203 1117 327 1156 Laelii
367 1117 657 1156 consuetudine
690 1122 890 1161 uteretur,
932 1119 1102 1168 originis
1141 1131 1235 1157 suae
1266 1119 1466 1158 Romanae
1499 1121 1624 1159 inme-

101 1197 253 1223 morem
285 1186 327 1223 in
359 1186 526 1225 historia
556 1189 683 1223 totum
706 1186 819 1236 quasi
851 1185 897 1223 ad
919 1185 1072 1224 Poenos
1104 1188 1324 1225 transiisse.
1386 1188 1625 1227 lineamenta

102 1255 356 1298 narrationis,
390 1258 433 1291 ut
465 1255 517 1291 ita
550 1253 693 1296 dicam,
729 1265 891 1303 prorsus
913 1253 1087 1292 Romana
1120 1258 1234 1292 erant
1265 1260 1301 1292 et
1334 1268 1379 1293 ex
1412 1255 1623 1294 annahbus

102 1321 290 1359 Romanis
323 1334 521 1373 expressa.
584 1322 623 1359 (j.
657 1321 773 1359 Peter
803 1321 939 1359 Livius
970 1333 1006 1358 ιι.
1039 1322 1227 1371 Polybius
1256 1335 1294 1372 p.
1329 1320 1438 1373 753)

213 1389 341 1427 Etiam
382 1388 554 1427 uerbum
594 1388 733 1427 addam
771 1388 818 1426 (le
858 1388 1036 1439 Polybio.
1098 1390 1130 1427 is
1168 1391 1295 1433 enim,
1337 1392 1411 1429 etsi
1452 1390 1498 1429 de
1539 1392 1624 1442 ipso

57 1500 63 1503 A
101 1468 203 1495 auno
243 1458 375 1495 minus
413 1461 587 1500 constat,
629 1458 712 1495 siue
744 1455 867 1494 dubio
908 1462 997 1495 ante
1031 1457 1070 1495 C.
1104 1458 1350 1502 Gracchum,
1390 1464 1479 1509 post
1510 1461 1624 1497 cuius

100 1529 270 1562 mortem
301 1524 459 1563 Coelius
491 1524 698 1563 historiam
730 1523 910 1562 scribere
942 1526 1095 1576 coepit,
1137 1525 1241 1563 diem
1275 1538 1505 1576 supremum
1537 1526 1623 1565 obi-

102 1597 199 1635 erat,
233 1597 284 1635 et,
319 1594 505 1643 quoniam
538 1593 698 1643 utrique
730 1605 821 1631 cum
853 1592 892 1630 C.
926 1592 1062 1630 Laelio
1094 1595 1365 1632 conmercium
1398 1599 1494 1639 erat,
1523 1594 1624 1632 alter

101 1659 271 1698 alterum
313 1661 498 1710 ignorare
523 1661 612 1704 uix
660 1658 898 1712 poterantfi)
961 1660 1087 1699 nihilo
1125 1666 1256 1699 tamen
1298 1662 1429 1699 minus
1467 1661 1623 1711 Polyhii

196 1817 221 1858 ¹)
253 1818 543 1859 Descriptionem
586 1821 707 1850 tamen
744 1817 862 1858 illam,
896 1828 1002 1859 quam
1040 1818 1185 1860 legerat
1222 1819 1318 1861 apud
1350 1818 1529 1859 Coelium,
1562 1819 1622 1850 Li-

98 1874 180 1905 uius
195 1884 265 1905 non
280 1875 425 1906 omnino
438 1874 584 1906 uidetur
599 1874 780 1906 abiecisse
794 1874 859 1907 sed
873 1874 1105 1907 transtulisse
1121 1875 1166 1907 ad
1178 1875 1383 1907 Octauium.
1407 1875 1508 1907 XXX
1522 1877 1575 1914 24,
1590 1877 1621 1909 6.

189 1929 217 1970 2)
246 1931 425 1970 Quoniam
456 1931 527 1962 iter
550 1931 772 1964 Hannibalis
804 1931 849 1963 ab
877 1931 1060 1973 Hispania
1090 1932 1128 1963 in
1159 1932 1308 1964 Italiam
1340 1933 1479 1964 factum
1509 1931 1622 1963 multo

98 1986 265 2028 pluribus
290 1990 506 2019 exornatum
533 1991 589 2019 est
613 1988 812 2030 regionum,
839 1988 1042 2028 fluminum,
1067 1988 1211 2021 urbium
1236 1988 1442 2020 nominibus
1468 1998 1489 2019 a
1515 1988 1622 2020 Liuio

99 2053 207 2084 quam
233 2053 254 2074 a
271 2043 434 2085 Polybio,
461 2043 539 2076 iure
565 2047 628 2076 tuo
647 2045 759 2076 etiam
784 2044 880 2076 hane
898 2044 1043 2086 Polybii
1068 2045 1379 2086 uituperationem
1405 2045 1441 2075 in
1460 2043 1621 2075 Silenum

99 2099 235 2130 dietam
268 2110 347 2131 esse
382 2100 544 2131 conicias
578 2100 804 2142 eandemque
838 2100 971 2132 cadere
1008 2101 1045 2132 in
1083 2100 1256 2136 Coelium.
1305 2101 1378 2132 uid.
1410 2100 1536 2142 Polyb.
1566 2101 1623 2132 111

98 2156 158 2187 36:
180 2148 265 2187 Ἵνα
290 2152 334 2187 δὲ
359 2150 409 2198 μὴ
437 2153 511 2188 τῶν
535 2150 661 2189 τόπων
691 2151 960 2221 ἀγνοουμένων
989 2150 1236 2190 παντάπασιν
1261 2150 1392 2198 ἀσαφῆ
1419 2156 1623 2199 γίγνεσθαι

99 2210 290 2254 συμβαίνῃ
320 2208 389 2254 τὴν
425 2206 625 2255 διηγησιν,
659 2209 792 2256 ρητέον
824 2224 873 2245 αν
900 2212 976 2255 εἴη,
1006 2208 1133 2246 πόθεν
1165 2207 1334 2255 ὁρμήσας
1361 2207 1530 2254 Ἀννίβας
1555 2211 1620 2244 καὶ

98 2266 205 2305 τίνας
230 2266 295 2299 καὶ
321 2264 461 2306 πόσους
493 2264 663 2302 διελθὼν
688 2267 829 2307 τόπους
861 2266 916 2307 εἰς
940 2271 1035 2302 ποῖα
1060 2265 1155 2312 μέρη
1186 2268 1325 2312 κατῆρε
1351 2266 1417 2311 τῆς
1444 2263 1620 2306 Ιταλιάς.

99 2321 164 2355 καὶ
189 2319 323 2366 ρητέον
350 2334 418 2357 ουκ
445 2319 564 2363 αὐτας
589 2321 657 2364 τὰς
682 2319 891 2368 ὀνομασίας
917 2322 991 2358 τῶν
1015 2319 1141 2358 τόπων
1166 2337 1232 2358 και
1257 2321 1439 2367 ποταμῶν
1463 2324 1529 2357 καὶ
1554 2319 1621 2357 πό-

100 2380 214 2420 λεων,
241 2373 333 2422 ὅπερ
361 2377 456 2412 ἔνιοι
480 2381 631 2414 ποιοῦσι
663 2381 738 2415 τῶν
764 2378 1033 2425 συγγραφέων,
1065 2376 1402 2424 ὑπολαμβάνοντες
1435 2376 1474 2415 ἐν
1505 2393 1619 2414 παντι

97 2431 194 2477 πρὸς
218 2436 357 2479 γνῶσιν
382 2435 447 2470 καὶ
473 2436 690 2480 σαφήνειαν
715 2432 917 2476 αὐτοτελὲς
944 2434 1044 2471 εἶναι
1069 2435 1182 2471 τοῦτο
1208 2434 1249 2471 τὸ
1275 2436 1396 2481 μέρος.

187 2491 219 2534 ³)
244 2493 377 2525 Nescio
395 2494 490 2526 unde
510 2495 717 2536 conpererit
733 2495 883 2527 Nitzseh
905 2504 995 2526 mus.
1013 2495 1126 2528 Rhen.
1146 2506 1180 2527 n.
1201 2495 1327 2527 XXIII
1348 2506 1381 2537 p.
1398 2496 1464 2527 605
1490 2497 1620 2536 poetas

99 2560 120 2580 a
146 2548 271 2582 Coelio
297 2550 520 2592 procedente
546 2561 655 2592 opere
681 2552 719 2582 in
744 2561 848 2583 usum
872 2561 950 2583 esse
981 2554 1144 2584 uocatos.
1193 2551 1285 2583 haee
1311 2551 1406 2582 enim
1431 2550 1507 2581 ille:
1544 2550 1621 2582 (lnce

96 2606 159 2636 wir
182 2606 302 2637 wissen
332 2606 507 2644 bestimml,
541 2608 622 2639 dass
648 2607 779 2640 Coelius
808 2610 843 2639 in
867 2609 933 2639 den
963 2610 1086 2640 letzten
1108 2609 1272 2639 Partieen
1296 2609 1409 2638 seiner
1434 2606 1555 2638 Arbeit
1580 2617 1619 2637 :u

98 2662 292 2702 poetisclzen
317 2661 451 2700 Qetellen
475 2664 571 2704 yrz'ff.
619 2664 666 2696 At
698 2664 771 2696 etsi
796 2674 908 2706 saepe
935 2664 1079 2706 poetice
1111 2663 1171 2695 uel
1202 2663 1382 2695 rhetorice
1414 2672 1471 2693 res
1504 2663 1548 2694 ab
1576 2673 1618 2693 eo

101 2721 295 2749 exornatas
322 2727 401 2749 esse
428 2719 607 2759 concedo,
633 2722 757 2752 tamen
782 2723 973 2762 poetarum
1004 2731 1091 2752 usus
1123 2719 1259 2750 nullum
1291 2719 1490 2759 uestigium
1521 2718 1618 2760 apud

101 2783 181 2805 eum
207 2774 364 2815 repperi.

187 2828 215 2870 ⁴)
240 2829 336 2860 Hine
361 2830 578 2872 corrigenda
603 2835 687 2863 sunt
713 2843 806 2874 quae
838 2834 879 2865 de
904 2834 992 2864 Plut.
1015 2833 1100 2873 font.
1128 2842 1161 2872 p.
1188 2832 1230 2863 56
1257 2830 1349 2862 falso
1375 2831 1518 2873 scripsi.
1570 2831 1617 2862 cf.

99 2886 281 2919 Buehholz
308 2888 348 2918 (Ie
377 2887 462 2918 Plut.
492 2888 571 2922 Fal),
599 2893 631 2919 et
657 2888 770 2920 Mare.
792 2889 880 2929 font.
909 2900 942 2930 p.
973 2890 1024 2920 12.
