1884 3213
237 208 463 239 (jCLxxnn
603 198 667 229 DE
695 195 1004 229 SCRIPTORVM
1032 194 1160 228 VITIS
1186 195 1248 227 ET
1274 195 1490 228 SCRIPTIS

233 319 274 351 ut
302 313 479 351 eiusdem
504 323 590 350 esse
614 310 748 349 dicere
771 322 849 348 non
873 309 1066 349 dubitem.
1091 314 1133 348 ut
1156 322 1252 349 uero
1274 310 1370 349 haec
1395 311 1448 348 ita
1471 310 1592 348 etiam
1613 314 1761 355 cetera,

233 381 415 431 quamuis
440 378 603 418 Catulus
634 380 719 429 ipse
749 379 885 427 grauis
908 383 946 416 et
968 383 1128 417 sanctus
1160 383 1283 422 esset,
1315 389 1456 429 parum
1479 389 1619 416 seuera
1641 378 1763 416 fuisse

232 449 423 486 discimus
455 459 502 486 cx
534 446 658 485 Plinii
691 445 865 484 Secundi
899 445 1067 497 epistula
1110 445 1175 484 illa
1208 447 1416 484 notissima
1449 443 1491 495 (V
1521 442 1581 496 3),
1620 443 1690 483 ubi
1724 446 1764 483 in

233 518 360 567 poetis
392 515 513 554 huius
543 515 705 564 generis
737 515 857 552 ctiam
889 514 933 559 Q.
958 513 1141 552 Catulum
1174 515 1321 565 posuit.
1364 518 1568 565 praetcrea
1595 512 1763 551 eundem

232 584 405 622 aliorum
437 587 645 634 poetarum
668 581 942 620 familiaritate
965 593 1081 620 usum
1105 593 1190 620 esse
1213 594 1431 633 eorumque
1453 581 1596 620 studiis
1618 582 1764 620 fauisse

232 664 276 689 cx
301 651 413 690 Furii
434 652 604 689 Antiatis
626 654 664 688 et
685 649 854 688 Archiae
878 646 973 699 (Cic.
998 661 1069 700 pro
1095 649 1211 689 Arch.
1234 647 1272 694 3,
1291 647 1329 701 6)
1354 648 1545 700 exemplis
1567 648 1763 687 uidemus.

345 719 421 757 Sed
444 720 563 757 etiam
587 717 687 756 alius
709 716 804 755 libri
830 718 1040 768 inscriptio
1071 717 1145 756 sub
1168 718 1318 756 Lutatii
1342 718 1501 755 nomine
1524 716 1668 755 tradita
1691 721 1763 761 est,

233 789 491 826 wnnumimn
524 786 787 824 historiarum
819 784 884 822 uel
916 786 1126 823 conmunis
1148 785 1351 824 historiae.
1396 786 1482 823 eius
1512 785 1662 823 mentio
1686 796 1763 823 non

234 856 440 894 inuenitur
472 855 551 893 nisi
585 856 623 892 in
657 853 823 891 scholiis
845 852 1085 903 Vergilianis
1119 851 1182 902 (fr.
1205 850 1370 903 6—8),
1404 852 1635 904 relliquiae,
1669 865 1763 904 qua-

234 936 324 961 rum
357 927 590 973 argumenta
614 921 797 970 dignosci
828 921 1001 970 possint,
1035 922 1237 971 pertinent
1270 919 1317 958 ad
1341 919 1504 958 urbium
1536 920 1764 959 Italicarum

233 992 424 1041 origines.
469 990 775 1040 inscriptionem
808 992 939 1026 autem
971 988 1075 1038 quod
1098 987 1385 1027 Reifferscheid
1409 1000 1508 1026 mus.
1532 988 1605 1026 Rh.
1638 1000 1676 1026 n.
1699 987 1765 1025 XV

231 1071 267 1109 p.
292 1055 374 1096 605
406 1063 570 1108 propter
601 1058 650 1095 fr.
676 1054 697 1094 7
731 1060 1010 1107 argumentum
1043 1057 1083 1093 in
1107 1056 1374 1094 Cumanarum
1396 1056 1651 1094 historiarum
1671 1055 1769 1094 libri

232 1131 478 1169 mutauerat,
518 1138 589 1163 suo
629 1125 717 1162 iure
756 1123 827 1162 Th.
860 1123 1078 1161 Mommsen
1119 1121 1172 1173 (C.
1216 1123 1244 1161 Ι.
1284 1122 1326 1161 L.
1360 1122 1375 1160 1
1406 1135 1444 1173 p.
1477 1120 1573 1171 389)
1614 1127 1765 1162 tutatus

232 1199 302 1231 est.
336 1205 573 1244 quamquam
596 1205 675 1230 non
699 1191 901 1230 adsentior
934 1192 1022 1229 uiro
1055 1190 1114 1228 illi
1146 1190 1262 1229 docio
1292 1190 1480 1241 ‘propter
1509 1189 1665 1229 fabulas
1686 1194 1764 1228 tam

232 1261 334 1312 apud
367 1262 539 1299 Graecos
571 1273 686 1311 quam
720 1258 823 1310 apud
856 1258 1053 1296 Romanos
1093 1260 1272 1309 sparsas'
1313 1259 1370 1296 sic
1410 1259 1646 1308 inscriptum
1679 1269 1764 1296 esse

232 1328 381 1367 librum
415 1329 607 1366 censenti.
672 1329 737 1365 uix
779 1328 866 1365 eius
905 1327 964 1363 rei
996 1325 1124 1364 ullum
1165 1325 1389 1377 exemplum
1430 1325 1587 1364 adferre
1625 1326 1762 1376 possit.

232 1410 303 1447 ego
337 1398 469 1447 potius
502 1401 545 1434 ut
566 1396 718 1434 Timaei
751 1394 866 1439 libri,
900 1395 992 1444 quia
1016 1393 1270 1444 conplurium
1303 1393 1542 1444 populorum
1575 1405 1638 1431 res
1669 1405 1762 1431 con-

233 1461 529 1515 tinebanttu·¹),
563 1458 710 1501 κοιναὶ
742 1459 934 1512 ἱστορίαι
966 1473 985 1498 a
1008 1460 1196 1511 Dionysio
1218 1460 1542 1499 Halicarnasensi
1576 1459 1604 1509 (Ι
1626 1457 1665 1512 6)
1698 1459 1763 1498 ad-

232 1532 369 1583 pellati
402 1536 512 1575 sunt,
547 1531 603 1569 sic
637 1531 755 1568 etiam
790 1531 831 1568 in
863 1529 973 1567 hisce
995 1527 1143 1566 Lutatii
1166 1528 1433 1567 conmunibns
1466 1528 1647 1567 historiis
1669 1539 1762 1566 con-

233 1599 407 1650 plurium
439 1599 620 1648 gentium
651 1610 715 1636 res
748 1601 936 1636 tractatas
968 1607 1053 1634 esse
1086 1597 1414 1634 existimauerim.

345 1667 403 1705 Ab
444 1666 553 1704 hisce
595 1670 725 1703 autem
765 1665 946 1702 historiis
985 1663 1170 1714 disiunge
1209 1663 1358 1702 librum
1403 1663 1577 1715 aliquem
1616 1663 1762 1701 Lutatii

234 1735 362 1773 Catuli
394 1734 441 1772 dc
474 1732 783 1784 antiquitatibus
815 1737 853 1770 et
885 1731 1006 1770 rebus
1037 1733 1309 1782 grammaticis
1340 1732 1613 1782 conpositum,
1646 1732 1762 1769 cuius

236 1805 455 1851 fragmenta
490 1799 552 1847 (Τι’.
587 1798 751 1851 9—13)
786 1799 913 1837 adhuc
956 1799 1035 1838 illis
1074 1799 1223 1837 intrudi
1263 1798 1463 1843 solebant,
1496 1798 1598 1850 quod
1630 1803 1763 1837 tamen

235 1872 319 1908 tit-ri
354 1870 488 1919 nequit
524 1873 686 1918 propter
719 1869 940 1917 argumenti
976 1867 1263 1905 diuersitatcm.
1308 1868 1348 1904 in
1380 1867 1521 1917 primis
1552 1866 1627 1904 hoc
1659 1865 1763 1904 mittit

235 1940 273 1976 in
310 1940 358 1976 t'r.
396 1934 447 1974 10
479 1941 512 1973 et
542 1934 612 1980 13,
646 1947 817 1985 quorum
851 1934 917 1972 illo
950 1936 1061 1973 uocis
1092 1937 1222 1973 noctis
1254 1936 1387 1984 origo,
1419 1933 1494 1972 hoc
1527 1945 1657 1977 causa,
1691 1945 1763 1971 cur

235 2006 351 2044 Ianus
383 2004 565 2043 biformis
597 2004 739 2046 fuerit,
773 2004 998 2052 exponitur.
1046 2003 1268 2052 fragmento
1300 2006 1431 2040 autem
1470 2001 1624 2039 decimo
1656 2000 1762 2039 aliud

252 2074 298 2111 t'r.
324 2071 376 2123 Sl,
410 2071 514 2122 quod
546 2070 668 2108 Varro
701 2071 893 2113 seruauit,
932 2071 971 2108 in
1004 2070 1172 2108 eundem
1206 2069 1355 2108 librum
1387 2065 1597 2119 trahitur‘2)
1631 2073 1761 2118 atque,

235 2142 421 2191 quoniam
461 2151 506 2176 cx
546 2138 606 2176 his
644 2139 767 2177 fuisse
807 2137 979 2188 aliquem
1014 2137 1161 2175 Lutatii
1202 2137 1329 2176 Catuli
1370 2136 1416 2175 (le
1456 2135 1762 2187 antiquitatibus

235 2208 383 2247 librum
417 2206 602 2257 adparet,
645 2210 774 2244 cetera
808 2206 1028 2255 fragmenta
1071 2203 1130 2242 (ll
1168 2209 1208 2243 et
1240 2202 1303 2256 12)
1337 2208 1501 2255 propter
1536 2204 1760 2253 argumenti

327 2330 353 2373 ¹)
381 2331 426 2362 cf.
454 2342 482 2364 e.
511 2341 540 2361 c.
566 2329 717 2369 Dionys,
742 2328 758 2359 1
785 2329 822 2367 2,
856 2328 918 2359 ubi
951 2327 1176 2369 singularum
1208 2327 1369 2369 gentium
1402 2326 1556 2358 historia
1581 2323 1625 2368 τῇ
1650 2323 1760 2366 κοινῇ

236 2384 381 2429 ἷστορίᾳ
408 2385 614 2428 opponitur,
643 2387 679 2415 et
700 2383 826 2425 Polyb.
849 2383 936 2415 VIII
961 2385 981 2415 4
1006 2382 1072 2425 τῆς
1097 2381 1311 2424 καθολικῆς
1335 2380 1402 2414 καὶ
1420 2381 1552 2424 κοινῆς
1579 2377 1761 2422 ἱστορίας.

325 2443 353 2485 ²)
379 2444 492 2474 Varro
519 2441 581 2472 ubi
607 2440 649 2472 de
676 2440 759 2471 lacu
779 2439 904 2471 Curtio
923 2449 1032 2481 agere
1060 2439 1194 2481 coepit,
1221 2440 1239 2478 ξ
1262 2440 1336 2479 148,
1363 2438 1456 2470 haec
1481 2437 1691 2479 praemisit:
1718 2437 1762 2469 In

233 2502 311 2541 foro
337 2501 441 2530 laeum
470 2498 613 2529 Curtium
638 2508 658 2528 (l
684 2496 798 2528 Curtio
825 2497 945 2527 (lictum
969 2500 1120 2536 constat,
1154 2499 1185 2526 cc
1211 2496 1253 2527 de
1278 2505 1316 2526 eo
1342 2495 1470 2536 triceps
1494 2494 1654 2526 historia:
1687 2503 1761 2524 nam

237 2562 267 2588 et
297 2556 463 2587 Procilius
488 2564 552 2585 non
578 2554 662 2584 idem
685 2553 841 2593 prodidit
866 2553 955 2594 quod
981 2552 1077 2592 Piso,
1104 2562 1164 2583 nee
1190 2552 1280 2593 quod
1303 2552 1331 2583 is
1355 2550 1531 2583 Cornelius
1556 2549 1640 2581 Stilo
1665 2559 1760 2580 secu-

237 2618 304 2652 tus,
337 2615 409 2643 tum
437 2609 599 2651 singulas
625 2609 831 2640 sententias
859 2607 1108 2649 persequitur,
1137 2608 1287 2649 primum
1314 2606 1475 2646 Procilii,
1502 2608 1577 2637 tum
1602 2605 1760 2645 Pisonis,

239 2669 395 2709 denique
422 2665 583 2698 Cornelii
609 2669 646 2697 et
671 2663 833 2703 Lutatii,
868 2663 929 2705 qui
955 2663 1099 2704 quidem
1126 2663 1221 2695 idem
1248 2662 1487 2705 prodiderint.
1537 2661 1621 2692 hinc
1649 2660 1761 2702 adpa-

239 2728 293 2755 ret
326 2724 362 2754 in
397 2733 486 2754 uoce
519 2721 583 2753 illa.
612 2725 761 2759 seculus,
793 2729 899 2761 quam
931 2722 1133 2760 corruptam
1167 2729 1246 2751 esse
1281 2729 1384 2751 nemo
1417 2717 1585 2759 negabit,
1618 2715 1763 2748 Lutatii

239 2790 368 2810 nomen
395 2778 525 2810 latere.
575 2779 718 2808 restant
741 2786 774 2810 u.
800 2776 967 2807 cornelius
997 2776 1092 2815 stilo,
1125 2786 1219 2816 quae
1252 2775 1338 2806 item
1363 2773 1617 2806 emendatione
1641 2773 1760 2813 egent.

240 2845 302 2876 pro
328 2836 495 2866 cornelius
522 2836 644 2865 autem
678 2835 715 2864 et
740 2832 759 2871 ἓ
786 2832 850 2864 148
883 2834 919 2863 et
945 2832 1008 2863 150
1039 2831 1109 2861 iam
1142 2830 1346 2871 antiquitus
1372 2829 1490 2860 Aelius
1521 2823 1760 2860 substitutum

241 2895 313 2929 cst3
340 2892 409 2922 iam
436 2901 523 2922 uero
550 2889 592 2921 L.
620 2888 745 2920 Aelius
770 2887 831 2919 ille
858 2886 950 2920 Stilo
978 2887 1173 2919 aVarrone
1200 2887 1235 2917 in
1262 2885 1317 2916 his
1344 2884 1386 2916 de
1410 2884 1433 2916 l.
1460 2884 1522 2916 lat.
1551 2883 1653 2915 libris
1678 2892 1760 2914 nus-
