1884 3213
1563 207 1586 234 x
1594 207 1619 235 v
1632 194 1653 217 ²³²

220 311 459 345 Plutarchi
498 312 660 344 uitaruin
700 308 756 341 ed.
790 308 907 341 inai'or
939 307 1112 342 Sintcnisi
1151 310 1285 351 (18:39),
1326 307 1495 341 adhibita
1529 308 1653 341 tamen

131 369 244 402 ctiam
270 367 389 401 altera
414 367 579 401 eiusdem
606 366 676 399 uiri
702 364 801 399 docti
834 364 890 397 cd.
917 364 1186 400 Teubneriaua,
1238 364 1433 397 moralium
1465 375 1560 407 quae
1595 376 1653 397 uo-

131 426 261 458 cantur
286 424 434 468 praesto
459 423 550 456 mihi
577 423 657 456 crat
681 422 795 455 editio
822 421 1037 454 Didotiana.

222 479 401 523 Polybii
427 479 484 513 ed.
510 478 689 520 Bckkcri,
722 477 759 511 L.
786 477 986 519 Dindorfii,
1018 476 1219 519 Hultschfi,
1254 489 1296 510 ex
1328 488 1402 520 qua
1432 477 1654 510 uarietatem

131 537 334 581 scripturae
359 537 508 580 sumpsi.

221 592 448 626 Prisciani
475 592 531 629 ed,
558 591 695 625 Hertzi.

220 649 356 683 Probi
382 648 438 682 ed.
464 647 508 682 H.
534 647 656 684 Keilii.

222 705 421 740 Senecae
452 704 662 748 philosophi
688 703 851 738 Fickerti
878 705 915 737 et
939 703 995 737 Fr.
1022 703 1158 737 Haasii.

222 761 369 795 Seruii
388 761 444 794 cd.
462 760 631 794 Masuicii
650 761 687 794 et
704 759 838 797 Lionis,
866 760 1062 804 practerea
1079 760 1169 793 mihi
1187 760 1444 803 suppeditauit
1463 761 1504 794 G.
1523 760 1655 794 Thilo

131 819 309 852 libroruin
336 828 447 851 manu
473 817 694 861 scriptorum
721 817 1004 860 discrepantias,
1031 827 1126 860 quae
1152 816 1271 849 adhuc
1299 817 1447 850 omnino
1472 816 1655 850 desidera>

131 875 276 911 bantur,
325 874 465 908 scholia
488 872 738 907 Beruensia
762 873 920 917 Vergilii
945 873 1176 916 transscripsi
1203 884 1285 905 euin
1312 873 1494 906 uarietate
1521 873 1656 906 codicis

132 942 176 965 ex
203 931 291 965 cdit.
317 930 363 964 H.
391 930 554 974 Hagcni,
583 930 727 964 Veron
739 930 866 963 ensia
891 940 934 962 ex
960 928 1003 963 H.
1030 929 1151 965 Keilii.

222 986 366 1021 Solini
392 986 449 1021 ed.
477 986 543 1020 Th.
568 986 801 1021 Moinmscni.

222 1043 462 1077 Strabonis
488 1043 544 1077 ed.
570 1043 688 1076 maior
712 1042 882 1076 Krameri
908 1043 946 1076 et
970 1042 1158 1076 Meinekii.

222 1100 386 1133 Suidae
413 1099 469 1135 ed.
496 1099 740 1142 Bernhardyi,

223 1155 428 1199 syncelli
454 1156 510 1192 ed,
540 1155 581 1189 G.
607 1155 800 1189 Dindorfii.

223 1211 502 1245 Tertulliani
529 1211 585 1245 ed.
612 1211 730 1245 maior
755 1211 913 1247 Oehleri.

224 1267 401 1300 Valerii
426 1266 609 1301 Maximi
635 1267 691 1304 ed.
718 1267 866 1301 Halmii.

221 1322 438 1357 Varronis
470 1323 516 1357 de
548 1323 678 1367 lingua
709 1324 825 1358 latina
857 1324 913 1361 ed,
942 1324 1143 1369 Spengelii.
1193 1324 1256 1358 scd
1290 1325 1426 1359 codicis
1452 1324 1656 1359 Florentini

133 1379 350 1414 adcuratam
369 1379 542 1413 notitiam
567 1379 685 1413 debeo
705 1380 911 1424 Augusto
931 1380 1247 1423 VViliuannsio3
1274 1382 1360 1415 libri
1385 1382 1430 1415 de
1456 1393 1494 1415 rc
1521 1382 1658 1415 rustica

134 1436 336 1470 editionem
369 1435 522 1469 adhibui
554 1435 724 1478 Gesneri,
761 1436 826 1470 sed
864 1437 1032 1470 codicum
1064 1437 1239 1471 Politiani
1275 1438 1475 1482 scripturas
1505 1438 1657 1482 sumpsi,

133 1492 256 1536 quoad
282 1492 361 1526 fieri
385 1492 525 1536 potuit,
554 1503 598 1526 ex
623 1492 773 1526 Iordani
799 1492 955 1535 Catone,
982 1494 1046 1537 qui
1073 1504 1133 1527 eas
1159 1494 1204 1526 ab
1231 1493 1275 1527 H.
1301 1493 1421 1527 Keilio
1448 1495 1654 1538 acceperat,

134 1549 236 1582 cuius
268 1548 527 1583 auctoritatem
559 1549 675 1583 malui
706 1548 915 1583 adscribere
945 1560 1058 1592 quam
1084 1548 1256 1591 Gesneri,
1286 1550 1323 1583 in
1356 1551 1460 1584 cuius
1492 1550 1654 1584 editione

133 1616 307 1649 magnam
333 1606 478 1649 partem
504 1605 658 1639 eaedem
683 1605 954 1649 discrepantiae
983 1605 1234 1643 inueniuntur,

224 1661 399 1695 Vclleii
424 1662 573 1705 praeter
598 1661 778 1695 Kritziun]
806 1662 843 1695 et
861 1661 1037 1695 Haasiuin
1064 1662 1150 1698 edit.
1179 1662 1310 1706 Orelli,
1337 1664 1399 1707 qui
1425 1663 1509 1697 libri
1527 1664 1654 1697 Amcr-

134 1717 340 1751 bachiensis
366 1718 565 1761 scripturas
591 1718 737 1752 adtulit.
