1884 3213
643 186 681 217 C.
708 185 919 219 LICINIVS
945 184 1108 218 MACER
1350 193 1637 224 cccxxxvllll

228 299 281 337 De
313 312 414 338 anno
437 299 619 338 historici
653 299 772 338 natali
805 299 879 338 hoc
903 311 1025 337 unum
1050 298 1143 337 licet
1165 303 1359 342 statuere,
1394 311 1482 337 eum
1507 303 1641 336 natum

115 379 200 405 esse
240 372 329 405 ante
370 362 407 404 a?
444 365 534 405 107.
568 364 709 417 647¹),
751 369 782 404 si
823 366 984 417 quidem
1023 379 1056 404 a.
1097 363 1163 404 66.
1196 362 1298 410 688,
1346 378 1423 417 quo
1463 371 1643 404 mortuus

116 439 193 475 est,
226 435 290 472 uir
312 436 536 485 praetorius
569 435 655 472 suit.
700 446 842 472 nomen
874 435 959 472 eius
992 434 1179 472 inclaruit
1211 435 1251 471 in
1278 432 1482 472 tribunatu
1516 447 1548 471 a.
1576 431 1641 471 73.

114 499 209 540 681.
252 501 462 552 Postquam
495 503 600 540 enim
633 502 780 540 frustra
811 501 860 539 M.
891 501 1082 540 Aemilius
1112 501 1284 552 Lepidus
1316 501 1477 545 consul,
1512 501 1554 539 L.
1580 500 1641 539 Si-

116 569 266 613 cinius,
299 568 341 607 L.
375 568 562 614 Quintius
595 568 745 607 tribuni
777 568 908 619 plebis
940 568 1129 619 deinceps
1161 567 1389 607 nobilitatis
1420 569 1641 619 potentiam

115 635 246 674 Sullae
279 636 546 675 dominatione
570 636 787 675 stabilitam
810 641 993 675 euertere
1025 641 1091 674 aut
1113 635 1356 674 labefactare
1379 638 1511 674 conati
1538 641 1643 680 sunt,

114 715 157 741 re
189 716 266 741 non
306 704 513 755 desperata
551 704 591 743 C.
624 703 802 742 Licinius
833 704 963 742 Macer
1002 703 1175 742 familiae
1217 702 1346 741 laudis
1386 703 1487 741 haud
1520 704 1644 741 inme-

116 783 214 814 mor,
254 784 489 823 quamquam
530 783 666 810 omnes
703 770 889 821 conlegae
929 771 1255 809 aduersariorum
1296 775 1431 821 partes
1472 771 1642 822 amplexi

116 844 240 882 erant,
274 843 312 877 et
343 838 563 877 discordias
586 838 634 877 ab
657 851 702 877 eo
725 839 887 877 excitari
912 838 1067 876 nobiles
1090 837 1410 876 criminabantur
1432 838 1644 876 uehemen-

115 911 252 957 tesque
284 907 323 944 in
355 918 444 945 eum
476 905 776 946 concitabantur
807 905 945 944 turbae
978 905 1082 954 (Sall.
1116 905 1351 943 hist.t1=.111
1379 902 1445 949 82,
1482 904 1557 950 11;
1593 904 1642 944 17

116 971 222 1022 Kr.),
256 985 396 1024 magno
427 986 517 1013 cum
549 974 690 1012 ardore
723 979 761 1012 et
792 975 1011 1012 constantia
1044 972 1173 1011 denuo
1205 973 1244 1011 id
1277 984 1394 1023 agere
1427 974 1570 1022 coepit,
1607 978 1648 1010 ut

116 1040 222 1091 plebi
254 1047 489 1092 potestatem
530 1054 550 1079 a
583 1041 690 1080 Sulla
730 1041 951 1092 ademptam
991 1042 1242 1085 restitueret,
1282 1042 1322 1078 in
1362 1042 1504 1091 primis
1536 1046 1645 1089 pote-

116 1113 254 1146 statem
293 1108 569 1153 tribuniciam,
609 1108 793 1160 plebique
835 1108 909 1146 hoc
946 1108 1187 1159 persuadere
1224 1108 1425 1153 studebat,
1467 1112 1527 1152 ut,
1570 1109 1646 1146 nisi

117 1175 237 1213 telum
270 1174 387 1220 illud,
426 1181 468 1214 nt
499 1176 651 1220 aiebat,
685 1189 705 1215 a
739 1175 956 1214 maioribus
987 1175 1162 1214 libertati
1185 1181 1365 1226 paratum
1398 1175 1645 1219 redderetur,

115 1243 381 1282 detrectarent
410 1244 591 1282 militiam
623 1255 743 1287 neue,
777 1256 866 1281 cum
899 1242 1003 1281 nulla
1026 1256 1117 1294 pars
1138 1244 1291 1282 fructus
1323 1245 1380 1281 eis
1404 1249 1528 1287 esset,
1563 1256 1645 1281 anl-

118 1311 455 1362 pliussanguinem
478 1324 591 1350 suum
614 1311 865 1362 praeberent.
908 1316 1034 1349 exstat
1056 1312 1184 1349 oratio
1207 1312 1313 1355 eius,
1338 1324 1413 1361 qua
1439 1309 1647 1349 Sallustius

120 1379 160 1416 in
192 1378 367 1417 historiis
400 1380 437 1429 (l.
471 1379 514 1429 s.)
549 1391 638 1417 eum
670 1378 827 1429 plebem
861 1378 1131 1417 cohortantem
1172 1379 1285 1423 facit,
1326 1390 1426 1429 quae
1460 1379 1534 1416 etsi
1569 1390 1645 1415 non

119 1445 240 1484 uerba
273 1446 415 1494 Macri,
446 1445 686 1485 lineamenta
718 1451 846 1485 tamen
881 1451 919 1484 et
941 1447 1156 1484 sententias
1179 1443 1506 1497 repraesentat.‘·')
1558 1445 1647 1483 inde

122 1526 197 1551 non
237 1513 362 1552 solum
401 1514 522 1552 fuisse
559 1513 719 1552 uidetur
756 1515 976 1552 acerrimus
1018 1512 1235 1552 nobilitatis
1280 1513 1534 1552 aduersarius
1580 1512 1648 1550 sed

122 1693 294 1735 conlegit.
345 1703 437 1734 quae
470 1693 594 1735 opinio
625 1693 709 1725 inde
744 1692 990 1732 confirmatur,
1024 1693 1118 1734 quod
1148 1693 1211 1724 ubi
1237 1692 1366 1725 Liuius
1399 1693 1567 1734 propriae
1595 1693 1648 1724 fa.-

120 1742 241 1780 m'iliae
268 1749 412 1780 laudem
441 1760 461 1780 a
478 1749 622 1781 Licinio
642 1749 846 1790 quaesitam
865 1759 944 1780 esse
965 1749 1173 1790 exprobrat,
1201 1748 1244 1780 de
1264 1748 1301 1782 C.
1322 1748 1478 1790 quodam
1503 1748 1649 1780 Licinio

121 1804 236 1836 Caluo
263 1805 386 1845 agitur
411 1804 468 1846 (fr.
490 1804 557 1846 16).

212 1858 236 1902 1)
263 1860 366 1899 Quod
391 1860 565 1892 Liebaldt
599 1872 631 1902 p.
657 1862 674 1892 7
708 1872 786 1893 eum
819 1861 964 1893 circiter
997 1872 1028 1895 a.
1056 1862 1130 1892 124.
1160 1861 1226 1892 630
1251 1865 1376 1893 natum
1405 1871 1486 1893 esse
1514 1861 1646 1903 posuit,

122 1916 201 1948 sola
226 1919 344 1948 motus
371 1919 426 1947 est
452 1916 551 1948 falsa
577 1917 764 1958 opinione,
793 1926 899 1958 quam
925 1916 1035 1948 habet
1061 1916 1104 1948 de
1133 1916 1312 1949 Sisennae
1340 1917 1449 1949 amici
1474 1920 1610 1949 aetate.

211 1971 238 2014 ²)
266 1972 323 2004 Cf.
351 1972 501 2004 Lentuli
529 1973 725 2014 epistulam
753 1973 795 2004 ad
819 1972 1017 2004 Catilinam
1043 1972 1166 2004 (latam

257 2028 353 2069 apud.
378 2027 527 2060 Sallust.
555 2028 637 2060 Cat.
663 2029 724 2060 44:
987 2031 1024 2060 et
1050 2027 1164 2060 Cicer.
1191 2029 1227 2059 in
1254 2027 1335 2062 Cat.
1363 2029 1418 2061 ΙΙΙ
1443 2030 1482 2067 5,
1512 2031 1569 2060 12:

168 2084 246 2123 Quis
274 2086 353 2124 sim,
387 2095 432 2116 eoe
463 2096 502 2117 eo
535 2096 627 2127 quem
657 2086 704 2116 acl
732 2090 764 2116 te
795 2087 869 2117 misi
950 2084 1028 2124 Quis
1052 2086 1129 2125 sim,
1162 2086 1248 2117 scies
1273 2095 1319 2116 ea:
1343 2086 1404 2117 hoc
1430 2096 1522 2127 quem
1548 2087 1595 2116 ml
1619 2090 1649 2116 te

121 2151 312 2181 cognosces.
344 2141 403 2180 fac
428 2142 572 2182 cogites,
601 2142 633 2172 in
659 2146 785 2182 quanta
810 2153 866 2173 ca·
902 2142 984 2172 misi.
1033 2151 1116 2172 cura
1141 2145 1176 2172 ut
1201 2142 1254 2173 uir
1278 2144 1325 2173 sis
1350 2146 1381 2173 et
1407 2143 1530 2183 cogita,
1558 2153 1650 2183 quem

123 2197 269 2227 lumitate
285 2197 332 2227 sis
357 2200 389 2228 et
406 2198 591 2228 memineris
610 2202 640 2228 te
658 2201 765 2228 uirum
782 2208 866 2233 esse,
902 2198 935 2227 in
968 2198 1071 2228 locum
1101 2198 1149 2228 sis
1176 2208 1400 2238 progyresszcs:
1438 2199 1533 2237 uide,
1573 2199 1652 2239 quid

123 2253 334 2291 consideres,
368 2253 449 2293 quid
471 2257 549 2284 tuae
574 2255 726 2284 rationes
747 2259 867 2294 postu·
902 2253 964 2284 tibi
988 2254 1051 2284 iam
1069 2254 1113 2284 sit
1130 2264 1276 2289 neeesse,
1304 2259 1338 2285 et
1360 2264 1442 2285 cura
1461 2258 1494 2285 ut
1512 2255 1650 2285 omnium

124 2311 201 2340 lent.
235 2308 396 2339 anaeilium
412 2313 511 2348 petas
528 2308 569 2339 ab
587 2309 743 2345 omnibus,
769 2311 867 2341 etiam
907 2308 966 2340 tibi
982 2309 1112 2340 aua‘ilia
1130 2310 1312 2351 aslz'mzycts,
1339 2311 1437 2341 etiam
1456 2311 1650 2350 infimorum.

125 2364 165 2394 ab
190 2365 319 2403 infimis-

124 2420 187 2451 ubi
214 2419 341 2450 Cicero
368 2418 578 2451 adcuratius
604 2420 750 2452 uidetur
775 2421 889 2452 uerba
916 2421 1104 2453 Catilinae
1131 2421 1351 2454 exhibuisse.
1402 2421 1573 2453 similiter
1598 2421 1650 2451 iu-

125 2475 262 2506 dicauit
283 2475 419 2516 Egger,
447 2474 602 2506 Eaeamen
628 2478 770 2518 critique
795 2478 856 2508 des
879 2477 1060 2509 historiens
1077 2475 1269 2518 (Z'Augsuste
1287 2488 1319 2518 p.
1340 2478 1404 2509 349
1431 2477 1474 2508 (le
1492 2477 1651 2507 Memmii

126 2532 292 2563 oratione
319 2529 412 2572 (Iug.
439 2530 487 2571 3).
536 2530 636 2562 Idem
668 2532 779 2573 igitur
811 2532 989 2565 Sallustio
1024 2532 1094 2564 fuit
1125 2532 1349 2574 propositum
1382 2531 1477 2573 quod
1510 2532 1651 2573 Thucy-

126 2586 202 2617 didi
228 2584 259 2627 (I
283 2586 360 2627 22).
400 2584 475 2618 Καὶ
503 2579 572 2618 όσα
599 2583 668 2628 μὲν
693 2583 789 2630 λόγῳ
823 2584 932 2620 εἷπον
960 2585 1113 2621 ἕκαστοι
1144 2580 1169 2630 ἦ
1193 2584 1395 2629 μέλλοντες
1419 2581 1652 2629 πολεμήσειν

126 2634 148 2683 ἢ
183 2636 223 2674 ἐν
256 2636 357 2687 αὐτῷ
391 2635 466 2683 ἤδη
503 2634 630 2684 ὄντες,
674 2637 842 2684 χαλεπὸν
872 2639 941 2685 τὴν
975 2637 1175 2685 ἀκρίβειαν
1207 2637 1329 2683 αὐτὴν
1361 2641 1435 2674 τῶν
1466 2639 1650 2685 λεγόντων

127 2697 458 2740 διαμνημονεῦσαι
485 2690 531 2739 ἦν
558 2692 644 2739 ἐμοί
671 2708 709 2729 τε
736 2696 786 2730 ὠν
814 2693 928 2737 αὐτὸς
952 2693 1098 2741 ἥκουσα
1129 2697 1196 2730 καὶ
1226 2701 1305 2736 τοῖς
1332 2691 1501 2730 αλλοθέν
1525 2699 1651 2731 ποθεν

128 2748 211 2795 ἐμοὶ
244 2748 558 2796 ἀπαγγέλλουσιν.
609 2747 658 2791 ὡς
690 2747 729 2784 δ’
761 2748 808 2785 α“ν
846 2748 1008 2787 ἐδόκουν
1045 2750 1127 2796 ε’μοι
1165 2751 1316 2786 ε’καστοι
1352 2764 1438 2795 περι
1475 2753 1548 2786 τῶν
1587 2749 1649 2787 αἐὶ

128 2806 327 2851 παρόντων
351 2803 397 2841 τοὶ
421 2806 557 2841 δέοντα
576 2805 739 2850 μάλιστα
766 2807 901 2851 εἰπεῖν,
929 2805 1096 2853 ἐχομένῳ
1114 2801 1172 2842 ὅτι
1198 2803 1385 2851 ἐγγύτατα
1410 2808 1477 2852 τῆς
1503 2806 1652 2852 συμπά-

129 2873 194 2907 σης
220 2859 370 2908 γνώμης
395 2863 468 2897 τῶν
495 2857 652 2906 άληθῶς
678 2862 911 2907 λεχθέντων,
938 2858 1057 2902 οὕτως
1084 2863 1245 2907 εἴρηται,

1311 2932 1380 2964 22*
