<?xml version="1.0" encoding="UTF-8"?>
<!DOCTYPE html PUBLIC "-//W3C//DTD XHTML 1.0 Transitional//EN"
    "http://www.w3.org/TR/xhtml1/DTD/xhtml1-transitional.dtd">
<html xmlns="http://www.w3.org/1999/xhtml" xml:lang="en" lang="en">
 <head>
  <title>
</title>
<meta http-equiv="Content-Type" content="text/html;charset=utf-8" />
  <meta name='ocr-system' content='tesseract 3.04.00' />
  <meta name='ocr-capabilities' content='ocr_page ocr_carea ocr_par ocr_line ocrx_word'/>
</head>
<body>
  <div class='ocr_page' id='page_1' title='image "./veterumhistorico01peteuoft_0673.png"; bbox 0 0 1884 3213; ppageno 0'>
   <div class='ocr_carea' id='block_1_1' title="bbox 461 186 1640 228">
    <p class='ocr_par' dir='ltr' id='par_1_1' title="bbox 461 186 1640 228">
     <span class='ocr_line' id='line_1_1' title="bbox 461 186 1640 228; baseline 0 -8"><span class='ocrx_word' id='word_1_1' title='bbox 461 189 504 220; x_wconf 92' lang='lat' dir='ltr'>L.</span> <span class='ocrx_word' id='word_1_2' title='bbox 533 186 766 221; x_wconf 82' lang='lat' dir='ltr'>CORNELII</span> <span class='ocrx_word' id='word_1_3' title='bbox 791 187 1025 220; x_wconf 71' lang='lat' dir='ltr'>SISENNAE</span> <span class='ocrx_word' id='word_1_4' title='bbox 1053 187 1316 221; x_wconf 73' lang='lat' dir='ltr'>IIISTORIAE</span> <span class='ocrx_word' id='word_1_5' title='bbox 1556 186 1640 228; x_wconf 83' lang='grc'>279</span> 
     </span>
    </p>
   </div>
   <div class='ocr_carea' id='block_1_2' title="bbox 678 318 1095 362">
    <p class='ocr_par' dir='ltr' id='par_1_2' title="bbox 678 318 1095 362">
     <span class='ocr_line' id='line_1_2' title="bbox 678 318 1095 362; baseline -0.002 0"><span class='ocrx_word' id='word_1_6' title='bbox 678 319 766 362; x_wconf 87' lang='lat' dir='ltr'>EX</span> <span class='ocrx_word' id='word_1_7' title='bbox 804 318 1007 362; x_wconf 87' lang='lat' dir='ltr'>LIBRO</span> <span class='ocrx_word' id='word_1_8' title='bbox 1047 319 1095 361; x_wconf 90' lang='grc' dir='ltr'>ΙΙ</span> 
     </span>
    </p>
   </div>
   <div class='ocr_carea' id='block_1_3' title="bbox 89 421 1643 881">
    <p class='ocr_par' dir='ltr' id='par_1_3' title="bbox 89 421 1643 745">
     <span class='ocr_line' id='line_1_3' title="bbox 235 421 1639 468; baseline 0 -5"><span class='ocrx_word' id='word_1_9' title='bbox 235 421 276 463; x_wconf 80' lang='grc'>’7.</span> <span class='ocrx_word' id='word_1_10' title='bbox 310 424 492 463; x_wconf 70' lang='lat' dir='ltr'>Mam-ob.</span> <span class='ocrx_word' id='word_1_11' title='bbox 523 429 597 462; x_wconf 79' lang='lat' dir='ltr'>sal.</span> <span class='ocrx_word' id='word_1_12' title='bbox 629 424 689 461; x_wconf 69' lang='lat' dir='ltr'>Vl</span> <span class='ocrx_word' id='word_1_13' title='bbox 715 421 754 468; x_wconf 92' lang='lat'>4,</span> <span class='ocrx_word' id='word_1_14' title='bbox 791 423 841 462; x_wconf 78' lang='lat'>15</span> <span class='ocrx_word' id='word_1_15' title='bbox 872 424 948 463; x_wconf 72' lang='lat' dir='ltr'>Sed</span> <span class='ocrx_word' id='word_1_16' title='bbox 981 430 1017 463; x_wconf 85' lang='lat' dir='ltr'>et</span> <span class='ocrx_word' id='word_1_17' title='bbox 1040 424 1208 463; x_wconf 82' lang='lat' dir='ltr'>Sisenna</span> <span class='ocrx_word' id='word_1_18' title='bbox 1242 426 1280 462; x_wconf 86' lang='lat' dir='ltr'>in</span> <span class='ocrx_word' id='word_1_19' title='bbox 1313 424 1489 463; x_wconf 78' lang='lat' dir='ltr'>seeundo</span> <span class='ocrx_word' id='word_1_20' title='bbox 1520 425 1639 463; x_wconf 77' lang='lat' dir='ltr'>dixit:</span> 
     </span>
     <span class='ocr_line' id='line_1_4' title="bbox 121 491 1641 543; baseline -0.001 -12"><span class='ocrx_word' id='word_1_21' title='bbox 121 493 168 531; x_wconf 89' lang='lat' dir='ltr'>Et</span> <span class='ocrx_word' id='word_1_22' title='bbox 200 492 317 531; x_wconf 82' lang='lat' dir='ltr'>Marsi</span> <span class='ocrx_word' id='word_1_23' title='bbox 350 493 517 543; x_wconf 81' lang='lat' dir='ltr'>propius</span> <span class='ocrx_word' id='word_1_24' title='bbox 556 491 774 531; x_wconf 72' lang='lat' dir='ltr'>succedunt</span> <span class='ocrx_word' id='word_1_25' title='bbox 815 497 931 542; x_wconf 76' lang='lat' dir='ltr'>atque</span> <span class='ocrx_word' id='word_1_26' title='bbox 965 493 1017 530; x_wconf 80' lang='lat' dir='ltr'>ila</span> <span class='ocrx_word' id='word_1_27' title='bbox 1049 493 1172 530; x_wconf 73' lang='lat' dir='ltr'>sentis</span> <span class='ocrx_word' id='word_1_28' title='bbox 1205 494 1395 543; x_wconf 78' lang='lat' dir='ltr'>proiectis</span> <span class='ocrx_word' id='word_1_29' title='bbox 1428 494 1521 531; x_wconf 71' lang='lat' dir='ltr'>terti</span> <span class='ocrx_word' id='word_1_30' title='bbox 1552 505 1641 531; x_wconf 82' lang='lat' dir='ltr'>saxa</span> 
     </span>
     <span class='ocr_line' id='line_1_5' title="bbox 120 556 1638 611; baseline 0 -13"><span class='ocrx_word' id='word_1_31' title='bbox 120 561 301 599; x_wconf 76' lang='lat' dir='ltr'>certatim</span> <span class='ocrx_word' id='word_1_32' title='bbox 332 558 361 611; x_wconf 90' lang='lat'>†</span> <span class='ocrx_word' id='word_1_33' title='bbox 393 559 498 598; x_wconf 86' lang='lat' dir='ltr'>lenta</span> <span class='ocrx_word' id='word_1_34' title='bbox 530 559 714 598; x_wconf 85' lang='lat' dir='ltr'>manibus</span> <span class='ocrx_word' id='word_1_35' title='bbox 746 561 950 598; x_wconf 69' lang='lat' dir='ltr'>coniciunt</span> <span class='ocrx_word' id='word_1_36' title='bbox 984 561 1023 597; x_wconf 90' lang='grc'>111</span> <span class='ocrx_word' id='word_1_37' title='bbox 1056 559 1200 598; x_wconf 87' lang='lat' dir='ltr'>hostes.</span> <span class='ocrx_word' id='word_1_38' title='bbox 1263 556 1306 598; x_wconf 83' lang='lat' dir='ltr'>S.</span> <span class='ocrx_word' id='word_1_39' title='bbox 1338 560 1385 598; x_wconf 87' lang='lat' dir='ltr'>Et</span> <span class='ocrx_word' id='word_1_40' title='bbox 1420 561 1458 598; x_wconf 90' lang='lat' dir='ltr'>in</span> <span class='ocrx_word' id='word_1_41' title='bbox 1481 560 1638 598; x_wconf 82' lang='lat' dir='ltr'>eodem:</span> 
     </span>
     <span class='ocr_line' id='line_1_6' title="bbox 121 626 1643 678; baseline -0.001 -12"><span class='ocrx_word' id='word_1_42' title='bbox 121 628 240 666; x_wconf 85' lang='lat' dir='ltr'>Vetus</span> <span class='ocrx_word' id='word_1_43' title='bbox 272 632 389 678; x_wconf 89' lang='lat' dir='ltr'>atque</span> <span class='ocrx_word' id='word_1_44' title='bbox 415 628 556 677; x_wconf 81' lang='lat' dir='ltr'>ingens</span> <span class='ocrx_word' id='word_1_45' title='bbox 588 632 671 665; x_wconf 82' lang='lat' dir='ltr'>erat</span> <span class='ocrx_word' id='word_1_46' title='bbox 703 626 825 665; x_wconf 90' lang='lat' dir='ltr'>arbor</span> <span class='ocrx_word' id='word_1_47' title='bbox 860 627 948 670; x_wconf 86' lang='lat' dir='ltr'>ilex,</span> <span class='ocrx_word' id='word_1_48' title='bbox 983 639 1081 677; x_wconf 84' lang='lat' dir='ltr'>quae</span> <span class='ocrx_word' id='word_1_49' title='bbox 1113 628 1266 665; x_wconf 72' lang='lat' dir='ltr'>cirrum</span> <span class='ocrx_word' id='word_1_50' title='bbox 1301 628 1490 677; x_wconf 73' lang='lat' dir='ltr'>proiectis</span> <span class='ocrx_word' id='word_1_51' title='bbox 1521 629 1643 666; x_wconf 85' lang='lat' dir='ltr'>ramis</span> 
     </span>
     <span class='ocr_line' id='line_1_7' title="bbox 89 694 986 745; baseline -0.002 -11"><span class='ocrx_word' id='word_1_52' title='bbox 89 696 312 735; x_wconf 71' lang='lat' dir='ltr'>smaiorem</span> <span class='ocrx_word' id='word_1_53' title='bbox 344 698 497 745; x_wconf 85' lang='lat' dir='ltr'>partem</span> <span class='ocrx_word' id='word_1_54' title='bbox 529 694 607 733; x_wconf 89' lang='lat' dir='ltr'>loci</span> <span class='ocrx_word' id='word_1_55' title='bbox 639 696 783 732; x_wconf 86' lang='lat' dir='ltr'>summi</span> <span class='ocrx_word' id='word_1_56' title='bbox 815 694 986 744; x_wconf 83' lang='lat' dir='ltr'>tegebat.</span> 
     </span>
    </p>

    <p class='ocr_par' dir='ltr' id='par_1_4' title="bbox 120 759 1640 881">
     <span class='ocr_line' id='line_1_8' title="bbox 231 759 1640 810; baseline -0.002 -7"><span class='ocrx_word' id='word_1_57' title='bbox 231 759 275 803; x_wconf 86' lang='grc'>9.</span> <span class='ocrx_word' id='word_1_58' title='bbox 324 762 424 800; x_wconf 80' lang='lat' dir='ltr'>Non.</span> <span class='ocrx_word' id='word_1_59' title='bbox 463 774 493 800; x_wconf 81' lang='lat' dir='ltr'>s.</span> <span class='ocrx_word' id='word_1_60' title='bbox 532 774 568 800; x_wconf 82' lang='lat' dir='ltr'>u.</span> <span class='ocrx_word' id='word_1_61' title='bbox 608 763 832 800; x_wconf 73' lang='lat' dir='ltr'>remulcarc</span> <span class='ocrx_word' id='word_1_62' title='bbox 866 773 906 810; x_wconf 78' lang='lat' dir='ltr'>p.</span> <span class='ocrx_word' id='word_1_63' title='bbox 945 759 998 800; x_wconf 84' lang='lat'>57</span> <span class='ocrx_word' id='word_1_64' title='bbox 1046 761 1212 799; x_wconf 86' lang='lat' dir='ltr'>Sisenna</span> <span class='ocrx_word' id='word_1_65' title='bbox 1253 761 1443 800; x_wconf 70' lang='lat' dir='ltr'>historiae</span> <span class='ocrx_word' id='word_1_66' title='bbox 1483 760 1554 800; x_wconf 92' lang='lat' dir='ltr'>lib.</span> <span class='ocrx_word' id='word_1_67' title='bbox 1587 762 1640 800; x_wconf 89' lang='lat' dir='ltr'>Il:</span> 
     </span>
     <span class='ocr_line' id='line_1_9' title="bbox 120 828 1493 881; baseline -0.001 -13"><span class='ocrx_word' id='word_1_68' title='bbox 120 830 162 868; x_wconf 88' lang='lat' dir='ltr'>Si</span> <span class='ocrx_word' id='word_1_69' title='bbox 193 842 292 881; x_wconf 87' lang='lat' dir='ltr'>quae</span> <span class='ocrx_word' id='word_1_70' title='bbox 325 830 512 868; x_wconf 73' lang='lat' dir='ltr'>celeriter</span> <span class='ocrx_word' id='word_1_71' title='bbox 543 829 646 868; x_wconf 88' lang='lat' dir='ltr'>solui</span> <span class='ocrx_word' id='word_1_72' title='bbox 676 833 842 880; x_wconf 83' lang='lat' dir='ltr'>poterat,</span> <span class='ocrx_word' id='word_1_73' title='bbox 878 830 916 867; x_wconf 89' lang='grc'>111</span> <span class='ocrx_word' id='word_1_74' title='bbox 949 829 1071 867; x_wconf 83' lang='lat' dir='ltr'>altum</span> <span class='ocrx_word' id='word_1_75' title='bbox 1103 828 1280 867; x_wconf 82' lang='lat' dir='ltr'>remulco</span> <span class='ocrx_word' id='word_1_76' title='bbox 1312 828 1493 867; x_wconf 79' lang='lat' dir='ltr'>retrahit.</span> 
     </span>
    </p>
   </div>
   <div class='ocr_carea' id='block_1_4' title="bbox 660 949 1103 991">
    <p class='ocr_par' dir='ltr' id='par_1_5' title="bbox 660 949 1103 991">
     <span class='ocr_line' id='line_1_10' title="bbox 660 949 1103 991; baseline -0.002 0"><span class='ocrx_word' id='word_1_77' title='bbox 660 949 747 991; x_wconf 88' lang='lat' dir='ltr'>EX</span> <span class='ocrx_word' id='word_1_78' title='bbox 784 949 985 991; x_wconf 83' lang='lat' dir='ltr'>LIBRO</span> <span class='ocrx_word' id='word_1_79' title='bbox 1024 949 1103 990; x_wconf 86' lang='lat' dir='ltr'>III</span> 
     </span>
    </p>
   </div>
   <div class='ocr_carea' id='block_1_5' title="bbox 68 1051 1642 1702">
    <p class='ocr_par' dir='ltr' id='par_1_6' title="bbox 68 1051 1642 1702">
     <span class='ocr_line' id='line_1_11' title="bbox 234 1051 1640 1103; baseline -0.002 -9"><span class='ocrx_word' id='word_1_80' title='bbox 234 1052 305 1094; x_wconf 91' lang='grc'>10.</span> <span class='ocrx_word' id='word_1_81' title='bbox 338 1055 438 1094; x_wconf 84' lang='lat' dir='ltr'>Non.</span> <span class='ocrx_word' id='word_1_82' title='bbox 470 1066 500 1093; x_wconf 83' lang='lat' dir='ltr'>s.</span> <span class='ocrx_word' id='word_1_83' title='bbox 533 1066 571 1092; x_wconf 66' lang='grc' dir='ltr'>τι.</span> <span class='ocrx_word' id='word_1_84' title='bbox 604 1056 763 1093; x_wconf 73' lang='lat' dir='ltr'>nolitote</span> <span class='ocrx_word' id='word_1_85' title='bbox 786 1066 831 1103; x_wconf 78' lang='lat' dir='ltr'>p.</span> <span class='ocrx_word' id='word_1_86' title='bbox 853 1051 937 1092; x_wconf 83' lang='lat'>480</span> <span class='ocrx_word' id='word_1_87' title='bbox 968 1053 1137 1091; x_wconf 81' lang='lat' dir='ltr'>Sisenna</span> <span class='ocrx_word' id='word_1_88' title='bbox 1169 1053 1427 1091; x_wconf 84' lang='lat' dir='ltr'>historiarum</span> <span class='ocrx_word' id='word_1_89' title='bbox 1461 1053 1531 1091; x_wconf 91' lang='lat' dir='ltr'>lib.</span> <span class='ocrx_word' id='word_1_90' title='bbox 1565 1053 1640 1092; x_wconf 91' lang='lat' dir='ltr'>III:</span> 
     </span>
     <span class='ocr_line' id='line_1_12' title="bbox 119 1119 1642 1174; baseline -0.001 -13"><span class='ocrx_word' id='word_1_91' title='bbox 119 1123 292 1162; x_wconf 90' lang='lat' dir='ltr'>Nolitote</span> <span class='ocrx_word' id='word_1_92' title='bbox 324 1124 476 1167; x_wconf 85' lang='lat' dir='ltr'>mirari,</span> <span class='ocrx_word' id='word_1_93' title='bbox 509 1135 625 1174; x_wconf 86' lang='lat' dir='ltr'>quam</span> <span class='ocrx_word' id='word_1_94' title='bbox 658 1122 865 1173; x_wconf 86' lang='lat' dir='ltr'>desperata</span> <span class='ocrx_word' id='word_1_95' title='bbox 896 1121 1101 1159; x_wconf 82' lang='lat' dir='ltr'>uoluntate</span> <span class='ocrx_word' id='word_1_96' title='bbox 1133 1120 1179 1158; x_wconf 90' lang='lat' dir='ltr'>ad</span> <span class='ocrx_word' id='word_1_97' title='bbox 1210 1132 1330 1158; x_wconf 89' lang='lat' dir='ltr'>unam</span> <span class='ocrx_word' id='word_1_98' title='bbox 1351 1119 1446 1158; x_wconf 91' lang='lat' dir='ltr'>belli</span> <span class='ocrx_word' id='word_1_99' title='bbox 1469 1121 1642 1160; x_wconf 86' lang='lat' dir='ltr'>faciendi</span> 
     </span>
     <span class='ocr_line' id='line_1_13' title="bbox 73 1191 1073 1231; baseline -0.006 1"><span class='ocrx_word' id='word_1_100' title='bbox 73 1191 225 1231; x_wconf 76' lang='lat' dir='ltr'>lolliam</span> <span class='ocrx_word' id='word_1_101' title='bbox 259 1220 267 1228; x_wconf 93' lang='lat'><strong>.</strong></span> <span class='ocrx_word' id='word_1_102' title='bbox 294 1221 301 1228; x_wconf 94' lang='lat'><strong><em>.</em></strong></span> <span class='ocrx_word' id='word_1_103' title='bbox 328 1220 335 1228; x_wconf 91' lang='lat'>.</span> <span class='ocrx_word' id='word_1_104' title='bbox 361 1220 369 1228; x_wconf 87' lang='lat'>.</span> <span class='ocrx_word' id='word_1_105' title='bbox 1064 1191 1073 1200; x_wconf 72' lang='lat'><strong>⁹</strong></span> 
     </span>
     <span class='ocr_line' id='line_1_14' title="bbox 234 1253 1640 1305; baseline -0.002 -8"><span class='ocrx_word' id='word_1_106' title='bbox 234 1255 305 1297; x_wconf 91' lang='grc'>11.</span> <span class='ocrx_word' id='word_1_107' title='bbox 338 1258 440 1297; x_wconf 74' lang='lat' dir='ltr'><em>Non.</em></span> <span class='ocrx_word' id='word_1_108' title='bbox 471 1270 500 1296; x_wconf 84' lang='lat' dir='ltr'>s.</span> <span class='ocrx_word' id='word_1_109' title='bbox 533 1270 572 1296; x_wconf 87' lang='lat' dir='ltr'>u.</span> <span class='ocrx_word' id='word_1_110' title='bbox 596 1258 777 1296; x_wconf 75' lang='lat' dir='ltr'>imbrices</span> <span class='ocrx_word' id='word_1_111' title='bbox 794 1268 834 1305; x_wconf 82' lang='lat' dir='ltr'>p.</span> <span class='ocrx_word' id='word_1_112' title='bbox 863 1253 942 1295; x_wconf 77' lang='lat'>125</span> <span class='ocrx_word' id='word_1_113' title='bbox 973 1255 1138 1295; x_wconf 81' lang='lat' dir='ltr'>Sisenna</span> <span class='ocrx_word' id='word_1_114' title='bbox 1158 1256 1417 1294; x_wconf 80' lang='lat' dir='ltr'>historiarum</span> <span class='ocrx_word' id='word_1_115' title='bbox 1441 1255 1546 1294; x_wconf 87' lang='lat' dir='ltr'>libro</span> <span class='ocrx_word' id='word_1_116' title='bbox 1568 1256 1640 1294; x_wconf 88' lang='lat'>111:</span> 
     </span>
     <span class='ocr_line' id='line_1_15' title="bbox 118 1322 1360 1377; baseline -0.004 -13"><span class='ocrx_word' id='word_1_117' title='bbox 118 1326 327 1377; x_wconf 84' lang='lat' dir='ltr'>Dissipatis</span> <span class='ocrx_word' id='word_1_118' title='bbox 359 1325 574 1364; x_wconf 79' lang='lat' dir='ltr'>imbricum</span> <span class='ocrx_word' id='word_1_119' title='bbox 605 1324 872 1375; x_wconf 81' lang='lat' dir='ltr'>fragminibus</span> <span class='ocrx_word' id='word_1_120' title='bbox 904 1336 947 1361; x_wconf 84' lang='lat' dir='ltr'>ae</span> <span class='ocrx_word' id='word_1_121' title='bbox 979 1324 1090 1361; x_wconf 85' lang='lat' dir='ltr'>testis</span> <span class='ocrx_word' id='word_1_122' title='bbox 1121 1322 1360 1373; x_wconf 79' lang='lat' dir='ltr'>tegularum.</span> 
     </span>
     <span class='ocr_line' id='line_1_16' title="bbox 233 1388 1641 1440; baseline -0.004 -8"><span class='ocrx_word' id='word_1_123' title='bbox 233 1390 305 1432; x_wconf 76' lang='lat'>12.</span> <span class='ocrx_word' id='word_1_124' title='bbox 338 1394 440 1432; x_wconf 77' lang='lat' dir='ltr'>Non.</span> <span class='ocrx_word' id='word_1_125' title='bbox 480 1405 511 1431; x_wconf 83' lang='lat' dir='ltr'>s.</span> <span class='ocrx_word' id='word_1_126' title='bbox 552 1404 589 1430; x_wconf 71' lang='grc'>11.</span> <span class='ocrx_word' id='word_1_127' title='bbox 621 1402 762 1440; x_wconf 68' lang='lat' dir='ltr'>sayum</span> <span class='ocrx_word' id='word_1_128' title='bbox 789 1403 831 1439; x_wconf 81' lang='lat' dir='ltr'>p.</span> <span class='ocrx_word' id='word_1_129' title='bbox 862 1388 945 1429; x_wconf 80' lang='lat'>538</span> <span class='ocrx_word' id='word_1_130' title='bbox 984 1390 1151 1429; x_wconf 85' lang='lat' dir='ltr'>Sisenna</span> <span class='ocrx_word' id='word_1_131' title='bbox 1183 1390 1322 1428; x_wconf 88' lang='lat' dir='ltr'>histor.</span> <span class='ocrx_word' id='word_1_132' title='bbox 1355 1390 1425 1428; x_wconf 90' lang='lat' dir='ltr'>lib.</span> <span class='ocrx_word' id='word_1_133' title='bbox 1459 1389 1531 1428; x_wconf 90' lang='lat' dir='ltr'>lll:</span> <span class='ocrx_word' id='word_1_134' title='bbox 1573 1391 1641 1428; x_wconf 82' lang='lat' dir='ltr'>Se-</span> 
     </span>
     <span class='ocr_line' id='line_1_17' title="bbox 120 1461 836 1510; baseline -0.004 -11"><span class='ocrx_word' id='word_1_135' title='bbox 120 1466 235 1500; x_wconf 89' lang='lat' dir='ltr'>natus</span> <span class='ocrx_word' id='word_1_136' title='bbox 266 1462 500 1499; x_wconf 79' lang='lat' dir='ltr'>auctoritate</span> <span class='ocrx_word' id='word_1_137' title='bbox 532 1461 684 1510; x_wconf 80' lang='lat' dir='ltr'>sagaria</span> <span class='ocrx_word' id='word_1_138' title='bbox 717 1471 836 1498; x_wconf 88' lang='lat' dir='ltr'>nune.</span> 
     </span>
     <span class='ocr_line' id='line_1_18' title="bbox 68 1524 1640 1574; baseline -0.004 -6"><span class='ocrx_word' id='word_1_139' title='bbox 68 1543 102 1568; x_wconf 86' lang='lat'>15</span> <span class='ocrx_word' id='word_1_140' title='bbox 234 1525 304 1568; x_wconf 85' lang='lat'>13.</span> <span class='ocrx_word' id='word_1_141' title='bbox 337 1529 440 1567; x_wconf 77' lang='lat' dir='ltr'>Non.</span> <span class='ocrx_word' id='word_1_142' title='bbox 472 1540 503 1566; x_wconf 79' lang='lat' dir='ltr'>s.</span> <span class='ocrx_word' id='word_1_143' title='bbox 536 1539 573 1566; x_wconf 80' lang='lat' dir='ltr'>u.</span> <span class='ocrx_word' id='word_1_144' title='bbox 606 1529 758 1565; x_wconf 79' lang='lat' dir='ltr'>mittere</span> <span class='ocrx_word' id='word_1_145' title='bbox 785 1538 825 1574; x_wconf 81' lang='lat' dir='ltr'>p.</span> <span class='ocrx_word' id='word_1_146' title='bbox 859 1524 940 1565; x_wconf 79' lang='lat'>348</span> <span class='ocrx_word' id='word_1_147' title='bbox 973 1525 1138 1564; x_wconf 86' lang='lat' dir='ltr'>Sisenna</span> <span class='ocrx_word' id='word_1_148' title='bbox 1170 1525 1261 1563; x_wconf 85' lang='lat' dir='ltr'>hist.</span> <span class='ocrx_word' id='word_1_149' title='bbox 1293 1524 1364 1563; x_wconf 86' lang='lat' dir='ltr'>lib.</span> <span class='ocrx_word' id='word_1_150' title='bbox 1399 1524 1468 1563; x_wconf 81' lang='grc' dir='ltr'>ΙΙΙ;</span> <span class='ocrx_word' id='word_1_151' title='bbox 1502 1524 1640 1562; x_wconf 87' lang='lat' dir='ltr'>Mulie-</span> 
     </span>
     <span class='ocr_line' id='line_1_19' title="bbox 119 1591 1640 1646; baseline -0.003 -12"><span class='ocrx_word' id='word_1_152' title='bbox 119 1608 203 1634; x_wconf 90' lang='lat' dir='ltr'>rem</span> <span class='ocrx_word' id='word_1_153' title='bbox 242 1597 361 1634; x_wconf 85' lang='lat' dir='ltr'>missa</span> <span class='ocrx_word' id='word_1_154' title='bbox 401 1596 475 1634; x_wconf 79' lang='lat' dir='ltr'>tide</span> <span class='ocrx_word' id='word_1_155' title='bbox 515 1608 558 1634; x_wconf 87' lang='lat' dir='ltr'>ae</span> <span class='ocrx_word' id='word_1_156' title='bbox 595 1596 740 1646; x_wconf 83' lang='lat' dir='ltr'>pietate</span> <span class='ocrx_word' id='word_1_157' title='bbox 772 1598 936 1645; x_wconf 81' lang='lat' dir='ltr'>propter</span> <span class='ocrx_word' id='word_1_158' title='bbox 968 1594 1114 1631; x_wconf 86' lang='lat' dir='ltr'>amoris</span> <span class='ocrx_word' id='word_1_159' title='bbox 1146 1593 1291 1631; x_wconf 86' lang='lat' dir='ltr'>nefarii</span> <span class='ocrx_word' id='word_1_160' title='bbox 1322 1591 1543 1630; x_wconf 83' lang='lat' dir='ltr'>lubidinem</span> <span class='ocrx_word' id='word_1_161' title='bbox 1575 1604 1640 1630; x_wconf 83' lang='lat' dir='ltr'>ex-</span> 
     </span>
     <span class='ocr_line' id='line_1_20' title="bbox 121 1665 260 1702; baseline 0 -1"><span class='ocrx_word' id='word_1_162' title='bbox 121 1665 260 1702; x_wconf 82' lang='lat' dir='ltr'>titisse.</span> 
     </span>
    </p>
   </div>
   <div class='ocr_carea' id='block_1_6' title="bbox 118 1754 299 1758">
    <p class='ocr_par' dir='ltr' id='par_1_7' title="bbox 118 1754 299 1758">
     <span class='ocr_line' id='line_1_21' title="bbox 118 1754 299 1758; baseline 0 0"><span class='ocrx_word' id='word_1_163' title='bbox 118 1754 299 1758; x_wconf 95' lang='lat' dir='ltr'> </span> 
     </span>
    </p>
   </div>
   <div class='ocr_carea' id='block_1_7' title="bbox 119 1793 1644 2198">
    <p class='ocr_par' dir='ltr' id='par_1_8' title="bbox 120 1793 1642 1884">
     <span class='ocr_line' id='line_1_22' title="bbox 208 1793 1642 1838; baseline -0.003 -8"><span class='ocrx_word' id='word_1_164' title='bbox 208 1795 273 1830; x_wconf 85' lang='lat'>10.</span> <span class='ocrx_word' id='word_1_165' title='bbox 309 1798 456 1838; x_wconf 79' lang='lat' dir='ltr'>Popma:</span> <span class='ocrx_word' id='word_1_166' title='bbox 493 1797 613 1828; x_wconf 81' lang='lat' dir='ltr'>Verba</span> <span class='ocrx_word' id='word_1_167' title='bbox 645 1796 847 1837; x_wconf 78' lang='lat' dir='ltr'>legatorum</span> <span class='ocrx_word' id='word_1_168' title='bbox 877 1798 940 1827; x_wconf 80' lang='lat' dir='ltr'>aut</span> <span class='ocrx_word' id='word_1_169' title='bbox 973 1794 1104 1826; x_wconf 85' lang='lat' dir='ltr'>ducum</span> <span class='ocrx_word' id='word_1_170' title='bbox 1128 1793 1340 1826; x_wconf 82' lang='lat' dir='ltr'>Italicorum</span> <span class='ocrx_word' id='word_1_171' title='bbox 1366 1794 1642 1826; x_wconf 80' lang='lat' dir='ltr'>sollicitantium</span> 
     </span>
     <span class='ocr_line' id='line_1_23' title="bbox 120 1840 874 1884; baseline -0.005 -10"><span class='ocrx_word' id='word_1_172' title='bbox 120 1842 273 1884; x_wconf 85' lang='lat' dir='ltr'>populos</span> <span class='ocrx_word' id='word_1_173' title='bbox 298 1842 440 1873; x_wconf 83' lang='lat' dir='ltr'>uicinos</span> <span class='ocrx_word' id='word_1_174' title='bbox 465 1841 509 1873; x_wconf 77' lang='lat' dir='ltr'>ad</span> <span class='ocrx_word' id='word_1_175' title='bbox 537 1840 623 1873; x_wconf 88' lang='lat' dir='ltr'>belli</span> <span class='ocrx_word' id='word_1_176' title='bbox 650 1841 874 1873; x_wconf 79' lang='lat' dir='ltr'>societatem.</span> 
     </span>
    </p>

    <p class='ocr_par' dir='ltr' id='par_1_9' title="bbox 119 1883 1644 2198">
     <span class='ocr_line' id='line_1_24' title="bbox 208 1883 1644 1927; baseline -0.001 -9"><span class='ocrx_word' id='word_1_177' title='bbox 208 1884 266 1919; x_wconf 89' lang='grc'>11.</span> <span class='ocrx_word' id='word_1_178' title='bbox 305 1888 435 1927; x_wconf 80' lang='lat' dir='ltr'>Popma</span> <span class='ocrx_word' id='word_1_179' title='bbox 461 1887 570 1927; x_wconf 76' lang='lat' dir='ltr'>refert</span> <span class='ocrx_word' id='word_1_180' title='bbox 595 1888 642 1918; x_wconf 81' lang='lat' dir='ltr'>ad</span> <span class='ocrx_word' id='word_1_181' title='bbox 668 1888 803 1918; x_wconf 78' lang='lat' dir='ltr'>caedem</span> <span class='ocrx_word' id='word_1_182' title='bbox 828 1886 1049 1917; x_wconf 75' lang='lat' dir='ltr'>Romanorum</span> <span class='ocrx_word' id='word_1_183' title='bbox 1074 1885 1194 1916; x_wconf 78' lang='lat' dir='ltr'>Asculi</span> <span class='ocrx_word' id='word_1_184' title='bbox 1222 1885 1316 1916; x_wconf 78' lang='lat' dir='ltr'>initio</span> <span class='ocrx_word' id='word_1_185' title='bbox 1348 1883 1425 1915; x_wconf 72' lang='lat' dir='ltr'>belli</span> <span class='ocrx_word' id='word_1_186' title='bbox 1452 1885 1579 1924; x_wconf 79' lang='lat' dir='ltr'>factam</span> <span class='ocrx_word' id='word_1_187' title='bbox 1611 1890 1644 1916; x_wconf 79' lang='lat' dir='ltr'>ec</span> 
     </span>
     <span class='ocr_line' id='line_1_25' title="bbox 119 1928 1641 1973; baseline -0.002 -9"><span class='ocrx_word' id='word_1_188' title='bbox 119 1934 161 1965; x_wconf 81' lang='lat' dir='ltr'>de</span> <span class='ocrx_word' id='word_1_189' title='bbox 183 1933 232 1973; x_wconf 78' lang='lat' dir='ltr'>fr.</span> <span class='ocrx_word' id='word_1_190' title='bbox 260 1933 392 1964; x_wconf 80' lang='lat'>11—13</span> <span class='ocrx_word' id='word_1_191' title='bbox 418 1932 571 1972; x_wconf 80' lang='lat' dir='ltr'>conferri</span> <span class='ocrx_word' id='word_1_192' title='bbox 603 1932 691 1963; x_wconf 77' lang='lat' dir='ltr'>iubet</span> <span class='ocrx_word' id='word_1_193' title='bbox 715 1932 792 1963; x_wconf 74' lang='lat' dir='ltr'>Lizc.</span> <span class='ocrx_word' id='word_1_194' title='bbox 817 1941 892 1972; x_wconf 83' lang='lat' dir='ltr'>per.</span> <span class='ocrx_word' id='word_1_195' title='bbox 920 1931 978 1962; x_wconf 77' lang='lat'>72:</span> <span class='ocrx_word' id='word_1_196' title='bbox 1011 1929 1119 1960; x_wconf 83' lang='lat' dir='ltr'>Initio</span> <span class='ocrx_word' id='word_1_197' title='bbox 1146 1928 1233 1960; x_wconf 87' lang='lat' dir='ltr'>belli</span> <span class='ocrx_word' id='word_1_198' title='bbox 1260 1939 1280 1960; x_wconf 88' lang='lat' dir='ltr'>a</span> <span class='ocrx_word' id='word_1_199' title='bbox 1306 1929 1521 1961; x_wconf 81' lang='lat' dir='ltr'>Picentibus</span> <span class='ocrx_word' id='word_1_200' title='bbox 1547 1932 1641 1961; x_wconf 86' lang='lat' dir='ltr'>moto</span> 
     </span>
     <span class='ocr_line' id='line_1_26' title="bbox 121 1974 1641 2019; baseline -0.002 -10"><span class='ocrx_word' id='word_1_201' title='bbox 121 1979 163 2018; x_wconf 80' lang='lat' dir='ltr'>Q.</span> <span class='ocrx_word' id='word_1_202' title='bbox 191 1976 367 2009; x_wconf 85' lang='lat' dir='ltr'>Seruilius</span> <span class='ocrx_word' id='word_1_203' title='bbox 392 1976 584 2018; x_wconf 82' lang='lat' dir='ltr'>proconsul</span> <span class='ocrx_word' id='word_1_204' title='bbox 610 1977 646 2008; x_wconf 88' lang='lat' dir='ltr'>in</span> <span class='ocrx_word' id='word_1_205' title='bbox 672 1976 805 2019; x_wconf 89' lang='lat' dir='ltr'>oppido</span> <span class='ocrx_word' id='word_1_206' title='bbox 831 1974 965 2007; x_wconf 84' lang='lat' dir='ltr'>Asculo</span> <span class='ocrx_word' id='word_1_207' title='bbox 991 1985 1069 2006; x_wconf 84' lang='lat' dir='ltr'>eum</span> <span class='ocrx_word' id='word_1_208' title='bbox 1095 1974 1261 2006; x_wconf 86' lang='lat' dir='ltr'>omnibus</span> <span class='ocrx_word' id='word_1_209' title='bbox 1289 1974 1432 2005; x_wconf 76' lang='lat' dir='ltr'>ciuibus</span> <span class='ocrx_word' id='word_1_210' title='bbox 1458 1975 1641 2014; x_wconf 80' lang='lat' dir='ltr'>Romanis,</span> 
     </span>
     <span class='ocr_line' id='line_1_27' title="bbox 120 2018 1640 2064; baseline -0.002 -11"><span class='ocrx_word' id='word_1_211' title='bbox 120 2023 181 2064; x_wconf 89' lang='lat' dir='ltr'>qui</span> <span class='ocrx_word' id='word_1_212' title='bbox 212 2022 249 2053; x_wconf 91' lang='lat' dir='ltr'>in</span> <span class='ocrx_word' id='word_1_213' title='bbox 283 2032 325 2053; x_wconf 86' lang='lat' dir='ltr'>eo</span> <span class='ocrx_word' id='word_1_214' title='bbox 357 2021 490 2064; x_wconf 86' lang='lat' dir='ltr'>oppido</span> <span class='ocrx_word' id='word_1_215' title='bbox 524 2024 646 2062; x_wconf 81' lang='lat' dir='ltr'>erant,</span> <span class='ocrx_word' id='word_1_216' title='bbox 683 2023 825 2054; x_wconf 83' lang='lat' dir='ltr'>occisus</span> <span class='ocrx_word' id='word_1_217' title='bbox 858 2024 924 2054; x_wconf 80' lang='lat' dir='ltr'>est.</span> <span class='ocrx_word' id='word_1_218' title='bbox 972 2028 1061 2060; x_wconf 80' lang='lat' dir='ltr'>saga</span> <span class='ocrx_word' id='word_1_219' title='bbox 1094 2018 1248 2060; x_wconf 87' lang='lat' dir='ltr'>populus</span> <span class='ocrx_word' id='word_1_220' title='bbox 1280 2019 1444 2060; x_wconf 73' lang='lat' dir='ltr'>sumpsit.</span> <span class='ocrx_word' id='word_1_221' title='bbox 1492 2018 1640 2050; x_wconf 76' lang='lat' dir='ltr'>Seruius</span> 
     </span>
     <span class='ocr_line' id='line_1_28' title="bbox 121 2063 1638 2108; baseline -0.004 -8"><span class='ocrx_word' id='word_1_222' title='bbox 121 2067 239 2100; x_wconf 82' lang='lat' dir='ltr'>Galba</span> <span class='ocrx_word' id='word_1_223' title='bbox 265 2077 286 2098; x_wconf 83' lang='lat' dir='ltr'>a</span> <span class='ocrx_word' id='word_1_224' title='bbox 309 2066 471 2099; x_wconf 81' lang='lat' dir='ltr'>Lucanis</span> <span class='ocrx_word' id='word_1_225' title='bbox 498 2066 800 2108; x_wconf 70' lang='lat' dir='ltr'>comprehensus,</span> <span class='ocrx_word' id='word_1_226' title='bbox 832 2066 938 2097; x_wconf 86' lang='lat' dir='ltr'>unius</span> <span class='ocrx_word' id='word_1_227' title='bbox 965 2065 1123 2096; x_wconf 84' lang='lat' dir='ltr'>feminae</span> <span class='ocrx_word' id='word_1_228' title='bbox 1151 2074 1278 2105; x_wconf 80' lang='lat' dir='ltr'>opera,</span> <span class='ocrx_word' id='word_1_229' title='bbox 1312 2063 1356 2094; x_wconf 86' lang='lat' dir='ltr'>ad</span> <span class='ocrx_word' id='word_1_230' title='bbox 1381 2073 1483 2104; x_wconf 88' lang='lat' dir='ltr'>quam</span> <span class='ocrx_word' id='word_1_231' title='bbox 1511 2063 1638 2095; x_wconf 82' lang='lat' dir='ltr'>deuer-</span> 
     </span>
     <span class='ocr_line' id='line_1_29' title="bbox 121 2108 1640 2154; baseline -0.003 -11"><span class='ocrx_word' id='word_1_232' title='bbox 121 2112 278 2150; x_wconf 79' lang='lat' dir='ltr'>tebatur,</span> <span class='ocrx_word' id='word_1_233' title='bbox 308 2122 324 2142; x_wconf 86' lang='lat' dir='ltr'>e</span> <span class='ocrx_word' id='word_1_234' title='bbox 353 2112 573 2154; x_wconf 74' lang='lat' dir='ltr'>captiuitate</span> <span class='ocrx_word' id='word_1_235' title='bbox 601 2115 770 2153; x_wconf 80' lang='lat' dir='ltr'>receptus</span> <span class='ocrx_word' id='word_1_236' title='bbox 795 2114 863 2143; x_wconf 81' lang='lat' dir='ltr'>est.</span> <span class='ocrx_word' id='word_1_237' title='bbox 905 2121 965 2151; x_wconf 69' lang='lat'>690</span> <span class='ocrx_word' id='word_1_238' title='bbox 992 2115 1098 2141; x_wconf 72' lang='lat' dir='ltr'>tamen</span> <span class='ocrx_word' id='word_1_239' title='bbox 1124 2109 1333 2140; x_wconf 77' lang='lat' dir='ltr'>uehementer</span> <span class='ocrx_word' id='word_1_240' title='bbox 1357 2108 1470 2140; x_wconf 79' lang='lat' dir='ltr'>dubito</span> <span class='ocrx_word' id='word_1_241' title='bbox 1495 2112 1640 2149; x_wconf 73' lang='lat' dir='ltr'>propter</span> 
     </span>
     <span class='ocr_line' id='line_1_30' title="bbox 121 2155 999 2198; baseline -0.003 -10"><span class='ocrx_word' id='word_1_242' title='bbox 121 2157 198 2189; x_wconf 73' lang='lat' dir='ltr'>libri</span> <span class='ocrx_word' id='word_1_243' title='bbox 222 2168 397 2190; x_wconf 77' lang='lat' dir='ltr'>numerum.</span> <span class='ocrx_word' id='word_1_244' title='bbox 425 2158 491 2190; x_wconf 76' lang='lat' dir='ltr'>uid.</span> <span class='ocrx_word' id='word_1_245' title='bbox 516 2167 621 2197; x_wconf 74' lang='lat' dir='ltr'>supra</span> <span class='ocrx_word' id='word_1_246' title='bbox 645 2168 679 2198; x_wconf 67' lang='grc' dir='ltr'>ρ,</span> <span class='ocrx_word' id='word_1_247' title='bbox 703 2155 999 2188; x_wconf 83' lang='lat' dir='ltr'><em>CCCXXVIIII.</em></span> 
     </span>
    </p>
   </div>
   <div class='ocr_carea' id='block_1_8' title="bbox 118 2301 1638 2911">
    <p class='ocr_par' dir='ltr' id='par_1_10' title="bbox 235 2301 1361 2353">
     <span class='ocr_line' id='line_1_31' title="bbox 235 2301 1361 2353; baseline -0.006 -11"><span class='ocrx_word' id='word_1_248' title='bbox 235 2301 277 2353; x_wconf 70' lang='grc'>7,</span> <span class='ocrx_word' id='word_1_249' title='bbox 310 2304 345 2340; x_wconf 78' lang='lat'>2.</span> <span class='ocrx_word' id='word_1_250' title='bbox 378 2306 481 2340; x_wconf 76' lang='lat' dir='ltr'>tectis</span> <span class='ocrx_word' id='word_1_251' title='bbox 513 2306 638 2341; x_wconf 80' lang='lat' dir='ltr'>Paris.</span> <span class='ocrx_word' id='word_1_252' title='bbox 767 2305 803 2340; x_wconf 86' lang='lat'>3.</span> <span class='ocrx_word' id='word_1_253' title='bbox 837 2304 926 2339; x_wconf 83' lang='lat' dir='ltr'>lecta</span> <span class='ocrx_word' id='word_1_254' title='bbox 959 2303 1072 2347; x_wconf 74' lang='lat' dir='ltr'>Roth,</span> <span class='ocrx_word' id='word_1_255' title='bbox 1105 2314 1154 2337; x_wconf 80' lang='lat' dir='ltr'>an</span> <span class='ocrx_word' id='word_1_256' title='bbox 1186 2301 1361 2348; x_wconf 75' lang='lat' dir='ltr'>ingentia?</span> 
     </span>
    </p>

    <p class='ocr_par' dir='ltr' id='par_1_11' title="bbox 118 2352 1638 2630">
     <span class='ocr_line' id='line_1_32' title="bbox 232 2352 1637 2408; baseline -0.004 -10"><span class='ocrx_word' id='word_1_257' title='bbox 232 2357 276 2408; x_wconf 78' lang='grc'>9,</span> <span class='ocrx_word' id='word_1_258' title='bbox 310 2361 345 2397; x_wconf 83' lang='grc'>6.</span> <span class='ocrx_word' id='word_1_259' title='bbox 379 2360 391 2395; x_wconf 97' lang='lat' dir='ltr'>l</span> <span class='ocrx_word' id='word_1_260' title='bbox 423 2361 459 2396; x_wconf 89' lang='lat' dir='ltr'><em>F</em></span> <span class='ocrx_word' id='word_1_261' title='bbox 572 2361 606 2396; x_wconf 82' lang='lat'>7.</span> <span class='ocrx_word' id='word_1_262' title='bbox 640 2372 708 2408; x_wconf 87' lang='lat' dir='ltr'>que</span> <span class='ocrx_word' id='word_1_263' title='bbox 740 2356 794 2396; x_wconf 85' lang='lat' dir='ltr'>F¹</span> <span class='ocrx_word' id='word_1_264' title='bbox 915 2358 1109 2394; x_wconf 88' lang='lat' dir='ltr'>remuleare</span> <span class='ocrx_word' id='word_1_265' title='bbox 1132 2357 1239 2392; x_wconf 83' lang='lat' dir='ltr'>trahil.</span> <span class='ocrx_word' id='word_1_266' title='bbox 1262 2352 1424 2392; x_wconf 79' lang='lat' dir='ltr'><em>L2WF</em></span> <span class='ocrx_word' id='word_1_267' title='bbox 1481 2356 1637 2392; x_wconf 81' lang='lat' dir='ltr'>remulco</span> 
     </span>
     <span class='ocr_line' id='line_1_33' title="bbox 120 2413 1638 2458; baseline -0.004 -5"><span class='ocrx_word' id='word_1_268' title='bbox 120 2417 270 2453; x_wconf 83' lang='lat' dir='ltr'>retrahit</span> <span class='ocrx_word' id='word_1_269' title='bbox 299 2413 352 2452; x_wconf 85' lang='lat' dir='ltr'>L¹</span> <span class='ocrx_word' id='word_1_270' title='bbox 414 2417 585 2452; x_wconf 79' lang='lat' dir='ltr'>remuleat</span> <span class='ocrx_word' id='word_1_271' title='bbox 616 2417 649 2452; x_wconf 89' lang='grc'>111</span> <span class='ocrx_word' id='word_1_272' title='bbox 681 2423 735 2452; x_wconf 85' lang='lat' dir='ltr'>est</span> <span class='ocrx_word' id='word_1_273' title='bbox 765 2415 923 2452; x_wconf 80' lang='lat' dir='ltr'>remulco</span> <span class='ocrx_word' id='word_1_274' title='bbox 955 2413 1104 2450; x_wconf 76' lang='lat' dir='ltr'>retrahit</span> <span class='ocrx_word' id='word_1_275' title='bbox 1135 2414 1286 2457; x_wconf 77' lang='lat' dir='ltr'>Iunius,</span> <span class='ocrx_word' id='word_1_276' title='bbox 1320 2417 1423 2448; x_wconf 79' lang='lat' dir='ltr'>recle</span> <span class='ocrx_word' id='word_1_277' title='bbox 1461 2414 1521 2448; x_wconf 78' lang='lat' dir='ltr'>leic</span> <span class='ocrx_word' id='word_1_278' title='bbox 1559 2415 1638 2458; x_wconf 77' lang='lat' dir='ltr'>qui-</span> 
     </span>
     <span class='ocr_line' id='line_1_34' title="bbox 118 2469 1635 2519; baseline -0.003 -10"><span class='ocrx_word' id='word_1_279' title='bbox 118 2475 220 2519; x_wconf 73' lang='lat' dir='ltr'>clem,</span> <span class='ocrx_word' id='word_1_280' title='bbox 253 2475 326 2509; x_wconf 78' lang='lat' dir='ltr'>nisi</span> <span class='ocrx_word' id='word_1_281' title='bbox 357 2474 437 2509; x_wconf 82' lang='lat' dir='ltr'>cod.</span> <span class='ocrx_word' id='word_1_282' title='bbox 473 2469 523 2507; x_wconf 88' lang='lat' dir='ltr'>L¹</span> <span class='ocrx_word' id='word_1_283' title='bbox 557 2475 791 2518; x_wconf 75' lang='lat' dir='ltr'>scripturam</span> <span class='ocrx_word' id='word_1_284' title='bbox 821 2474 873 2508; x_wconf 77' lang='lat' dir='ltr'>ita</span> <span class='ocrx_word' id='word_1_285' title='bbox 911 2471 1119 2517; x_wconf 78' lang='lat' dir='ltr'>defendere</span> <span class='ocrx_word' id='word_1_286' title='bbox 1150 2472 1222 2514; x_wconf 76' lang='lat' dir='ltr'>uis,</span> <span class='ocrx_word' id='word_1_287' title='bbox 1255 2475 1293 2504; x_wconf 78' lang='lat' dir='ltr'>ul</span> <span class='ocrx_word' id='word_1_288' title='bbox 1325 2471 1435 2504; x_wconf 78' lang='lat' dir='ltr'>etiam</span> <span class='ocrx_word' id='word_1_289' title='bbox 1468 2470 1529 2504; x_wconf 73' lang='lat' dir='ltr'>llic</span> <span class='ocrx_word' id='word_1_290' title='bbox 1562 2469 1635 2504; x_wconf 82' lang='grc' dir='ltr'>Νο-</span> 
     </span>
     <span class='ocr_line' id='line_1_35' title="bbox 119 2526 1636 2574; baseline -0.004 -9"><span class='ocrx_word' id='word_1_291' title='bbox 119 2532 218 2565; x_wconf 81' lang='lat' dir='ltr'>nium</span> <span class='ocrx_word' id='word_1_292' title='bbox 251 2531 430 2574; x_wconf 74' lang='lat' dir='ltr'>exempla</span> <span class='ocrx_word' id='word_1_293' title='bbox 462 2533 732 2574; x_wconf 68' lang='lat' dir='ltr'>excerpentem</span> <span class='ocrx_word' id='word_1_294' title='bbox 762 2530 985 2565; x_wconf 77' lang='lat' dir='ltr'>dornn&#39;uisse</span> <span class='ocrx_word' id='word_1_295' title='bbox 1027 2536 1198 2561; x_wconf 78' lang='lat' dir='ltr'>censeas.</span> <span class='ocrx_word' id='word_1_296' title='bbox 1258 2527 1391 2560; x_wconf 77' lang='lat' dir='ltr'>lemma</span> <span class='ocrx_word' id='word_1_297' title='bbox 1439 2526 1535 2560; x_wconf 75' lang='lat' dir='ltr'>enim</span> <span class='ocrx_word' id='word_1_298' title='bbox 1581 2529 1636 2560; x_wconf 83' lang='lat' dir='ltr'>est</span> 
     </span>
     <span class='ocr_line' id='line_1_36' title="bbox 120 2583 851 2630; baseline -0.001 -10"><span class='ocrx_word' id='word_1_299' title='bbox 120 2585 315 2620; x_wconf 84' lang='lat' dir='ltr'>remuleare</span> <span class='ocrx_word' id='word_1_300' title='bbox 347 2586 421 2620; x_wconf 79' lang='lat' dir='ltr'>uid.</span> <span class='ocrx_word' id='word_1_301' title='bbox 455 2595 577 2630; x_wconf 77' lang='lat' dir='ltr'>supra</span> <span class='ocrx_word' id='word_1_302' title='bbox 608 2597 647 2630; x_wconf 80' lang='lat' dir='ltr'>p.</span> <span class='ocrx_word' id='word_1_303' title='bbox 680 2583 851 2620; x_wconf 87' lang='lat' dir='ltr'><em>LXIIII.</em></span> 
     </span>
    </p>

    <p class='ocr_par' dir='ltr' id='par_1_12' title="bbox 232 2637 604 2688">
     <span class='ocr_line' id='line_1_37' title="bbox 232 2637 604 2688; baseline -0.013 -9"><span class='ocrx_word' id='word_1_304' title='bbox 232 2637 303 2688; x_wconf 86' lang='grc'>10,</span> <span class='ocrx_word' id='word_1_305' title='bbox 335 2641 372 2677; x_wconf 83' lang='lat'>9.</span> <span class='ocrx_word' id='word_1_306' title='bbox 404 2641 530 2676; x_wconf 84' lang='lat' dir='ltr'>mirare</span> <span class='ocrx_word' id='word_1_307' title='bbox 574 2640 604 2674; x_wconf 88' lang='lat' dir='ltr'><em>V</em></span> 
     </span>
    </p>

    <p class='ocr_par' dir='ltr' id='par_1_13' title="bbox 235 2693 729 2744">
     <span class='ocr_line' id='line_1_38' title="bbox 235 2693 729 2744; baseline -0.006 -11"><span class='ocrx_word' id='word_1_308' title='bbox 235 2693 308 2744; x_wconf 80' lang='lat' dir='ltr'>ll,</span> <span class='ocrx_word' id='word_1_309' title='bbox 344 2696 407 2732; x_wconf 80' lang='lat'>12.</span> <span class='ocrx_word' id='word_1_310' title='bbox 442 2696 668 2731; x_wconf 84' lang='lat' dir='ltr'>fracminihus</span> <span class='ocrx_word' id='word_1_311' title='bbox 700 2696 729 2730; x_wconf 89' lang='lat' dir='ltr'><em>L</em></span> 
     </span>
    </p>

    <p class='ocr_par' dir='ltr' id='par_1_14' title="bbox 120 2741 1634 2856">
     <span class='ocr_line' id='line_1_39' title="bbox 234 2741 1634 2799; baseline -0.004 -12"><span class='ocrx_word' id='word_1_312' title='bbox 234 2747 306 2798; x_wconf 76' lang='grc'>12,</span> <span class='ocrx_word' id='word_1_313' title='bbox 341 2751 402 2787; x_wconf 77' lang='grc'>14.</span> <span class='ocrx_word' id='word_1_314' title='bbox 435 2764 517 2799; x_wconf 78' lang='lat' dir='ltr'>saga</span> <span class='ocrx_word' id='word_1_315' title='bbox 549 2751 701 2787; x_wconf 77' lang='lat' dir='ltr'>induunt</span> <span class='ocrx_word' id='word_1_316' title='bbox 734 2751 873 2787; x_wconf 75' lang='lat' dir='ltr'>Scleoct.</span> <span class='ocrx_word' id='word_1_317' title='bbox 935 2763 964 2786; x_wconf 84' lang='lat' dir='ltr'>s.</span> <span class='ocrx_word' id='word_1_318' title='bbox 997 2755 1187 2785; x_wconf 85' lang='lat' dir='ltr'>sumuntur</span> <span class='ocrx_word' id='word_1_319' title='bbox 1218 2750 1278 2783; x_wconf 83' lang='lat' dir='ltr'>uel</span> <span class='ocrx_word' id='word_1_320' title='bbox 1316 2753 1456 2795; x_wconf 85' lang='lat' dir='ltr'>sumpta</span> <span class='ocrx_word' id='word_1_321' title='bbox 1488 2741 1634 2793; x_wconf 70' lang='lat' dir='ltr'>Popma</span> 
     </span>
     <span class='ocr_line' id='line_1_40' title="bbox 120 2803 1282 2856; baseline -0.004 -13"><span class='ocrx_word' id='word_1_322' title='bbox 120 2819 204 2856; x_wconf 78' lang='lat' dir='ltr'>saga</span> <span class='ocrx_word' id='word_1_323' title='bbox 236 2814 373 2855; x_wconf 80' lang='lat' dir='ltr'>ponunt</span> <span class='ocrx_word' id='word_1_324' title='bbox 404 2809 516 2844; x_wconf 80' lang='lat' dir='ltr'>Riese</span> <span class='ocrx_word' id='word_1_325' title='bbox 545 2820 583 2853; x_wconf 78' lang='lat' dir='ltr'>p.</span> <span class='ocrx_word' id='word_1_326' title='bbox 617 2808 680 2844; x_wconf 76' lang='lat'>(30.</span> <span class='ocrx_word' id='word_1_327' title='bbox 743 2809 817 2842; x_wconf 78' lang='lat' dir='ltr'>uid.</span> <span class='ocrx_word' id='word_1_328' title='bbox 849 2818 878 2842; x_wconf 86' lang='lat' dir='ltr'>s.</span> <span class='ocrx_word' id='word_1_329' title='bbox 907 2819 946 2852; x_wconf 76' lang='grc' dir='ltr'>ρ.</span> <span class='ocrx_word' id='word_1_330' title='bbox 975 2804 1142 2842; x_wconf 78' lang='lat' dir='ltr'><em>CCCXX</em></span> <span class='ocrx_word' id='word_1_331' title='bbox 1155 2803 1282 2840; x_wconf 85' lang='lat' dir='ltr'><em>VIIII.</em></span> 
     </span>
    </p>

    <p class='ocr_par' dir='ltr' id='par_1_15' title="bbox 237 2855 1361 2911">
     <span class='ocr_line' id='line_1_41' title="bbox 237 2855 1361 2911; baseline -0.005 -11"><span class='ocrx_word' id='word_1_332' title='bbox 237 2858 308 2911; x_wconf 83' lang='grc'>13,</span> <span class='ocrx_word' id='word_1_333' title='bbox 345 2864 406 2901; x_wconf 85' lang='grc'>16.</span> <span class='ocrx_word' id='word_1_334' title='bbox 439 2864 588 2911; x_wconf 84' lang='lat' dir='ltr'>piaetate</span> <span class='ocrx_word' id='word_1_335' title='bbox 620 2864 649 2899; x_wconf 90' lang='lat' dir='ltr'><em>L</em></span> <span class='ocrx_word' id='word_1_336' title='bbox 708 2863 865 2910; x_wconf 85' lang='lat' dir='ltr'>nepharii</span> <span class='ocrx_word' id='word_1_337' title='bbox 897 2863 934 2898; x_wconf 86' lang='lat' dir='ltr'><em>F</em></span> <span class='ocrx_word' id='word_1_338' title='bbox 1045 2859 1226 2896; x_wconf 83' lang='lat' dir='ltr'>libidinem</span> <span class='ocrx_word' id='word_1_339' title='bbox 1263 2855 1361 2894; x_wconf 80' lang='lat' dir='ltr'>L&#39;F</span> 
     </span>
    </p>
   </div>
  </div>
 </body>
</html>
