1884 3213
44 573 59 599 cx

34 914 65 938 10

34 1251 64 1277 15

474 181 524 213 M.
549 179 714 212 PORon
741 177 949 211 CATONIS
976 175 1205 209 ORIGINES
1549 173 1599 212 81

82 309 157 348 quc
191 296 372 334 uictoriis
403 293 604 333 celebrata
636 299 707 332 est.
770 292 822 330 Ea
855 293 1018 335 ciuitas,
1060 303 1150 329 cum
1182 291 1307 329 amica
1347 294 1462 340 atque
1495 289 1603 326 socia

82 364 218 415 populi
257 363 425 402 Romani
472 363 595 405 soret,
637 361 755 399 Persa
801 366 951 403 tamen,
995 358 1166 409 Philippi
1206 357 1307 401 filio,
1345 355 1604 394 Macedonum

85 443 191 481 rege,
225 443 315 469 cum
347 443 424 481 quo
458 429 606 467 bellum
638 428 785 479 populo
816 427 994 465 Romano
1027 427 1122 469 fnit,
1162 426 1290 463 amieo
1322 437 1391 462 usa
1423 428 1505 468 cst,
1539 436 1604 461 eo-

84 500 244 550 nixique
262 503 354 536 sunt
370 497 619 536 Rhodienses
650 494 918 545 legationibus
939 494 1103 532 Romam
1135 506 1251 544 saepe
1284 493 1417 530 missis
1450 491 1488 529 id
1522 490 1604 529 bel-

85 566 165 605 lum
206 568 309 605 inter
349 578 416 603 eos
456 576 709 615 componere.
771 562 859 604 sed,
901 561 967 599 ubi
1004 563 1077 600 ista
1116 561 1341 612 pacificatio
1380 559 1606 610 perpetrari

84 635 287 685 nequiuit,
327 632 453 671 uerba
486 645 506 670 a
537 631 739 683 plerisque
771 628 1067 669 Rhodiensibus
1107 629 1146 666 in
1179 627 1437 666 contionibus
1469 638 1605 665 eorum

85 701 132 740 ad
164 701 354 753 populum
387 701 489 739 sacta
521 704 628 743 sunt,
662 703 717 742 ut,
751 699 784 736 si
816 709 890 748 pax
924 708 1001 734 non
1033 696 1159 740 ficret,
1192 695 1440 734 Rhodienses
1471 706 1606 743 regem

85 768 277 807 aduersus
317 768 507 819 populum
538 767 760 806 Romanum
800 764 1040 803 adiutarent.
1102 763 1169 801 scd
1212 763 1366 801 nullum
1405 774 1525 813 super
1564 774 1607 799 ea

86 849 128 874 re
160 835 367 887 publicum
399 835 602 873 decretum
634 834 784 872 factum
816 837 886 871 est.
935 832 981 870 At
1013 831 1082 869 ubi
1114 831 1255 869 Perses
1286 831 1420 869 uictus
1451 834 1607 880 captus-

88 916 164 953 que
196 908 266 946 est,
290 902 537 941 Rhodienses
568 903 812 953 pertimuere
844 899 895 939 ob
919 912 976 941 ea,
1009 912 1108 949 quae
1132 898 1391 949 conpluriens
1424 898 1462 934 in
1486 897 1608 934 eoeti-

88 970 161 1009 hus
192 971 329 1022 populi
361 975 445 1008 acta
479 970 665 1020 dictaque
698 973 823 1012 erant,
856 968 1084 1017 legatosque
1106 967 1271 1005 Romam
1301 966 1508 1005 miserunt,
1541 965 1610 1014 qui

87 1039 351 1076 temeritatem
406 1037 655 1088 quorundam
701 1036 953 1087 popularium
996 1032 1159 1073 suornm
1210 1033 1524 1084 deprecarentur
1575 1036 1612 1069 et

89 1105 205 1143 tidem
237 1105 530 1155 consiliumque
561 1104 769 1155 publicum
803 1107 1083 1154 expurgarent.
1136 1102 1270 1151 Legati
1302 1105 1513 1152 postquam
1533 1099 1611 1137 Ro-

89 1186 192 1211 mam
224 1178 421 1211 uenerunt
453 1177 491 1210 et
522 1173 563 1210 in
594 1176 773 1210 senatum
814 1171 1035 1209 intromissi
1075 1174 1165 1207 sunt
1207 1167 1421 1218 uerbisque
1461 1167 1612 1218 suppli-

90 1243 191 1279 citer
222 1253 293 1291 pro
325 1252 443 1278 eausa
475 1252 544 1278 sua
578 1240 692 1278 sactis
724 1253 743 1277 e
777 1240 887 1276 curia
921 1242 1192 1281 excesserunt,
1226 1237 1446 1274 sententiae
1480 1236 1612 1285 rogari

90 1313 273 1359 ‹:oeptae;
307 1320 476 1358 eumque
509 1309 654 1358 partim
687 1311 914 1344 senatorum
948 1305 994 1343 de
1017 1303 1316 1342 liliodiensilms
1348 1308 1615 1352 quererentur

91 1455 294 1495 [tryumenlis
319 1455 465 1494 adparel
490 1458 521 1484 el
547 1464 592 1484 ατ
620 1453 717 1484 Gellii
741 1452 863 1490 uerbis,
892 1451 1008 1493 quibus
1032 1451 1252 1490 reprehendit
1274 1450 1429 1480 Tironem
1455 1449 1544 1490 quod
1569 1458 1614 1479 em

91 1499 238 1531 omnibus
263 1499 483 1535 facultalibus
508 1503 574 1529 tam
599 1500 778 1538 opulentae
809 1497 974 1528 orationis
999 1497 1090 1536 aptis
1121 1497 1209 1526 inter
1233 1505 1268 1525 se
1302 1499 1334 1525 et
1360 1493 1615 1525 cohaerentibus·

89 1555 232 1586 paruum
262 1545 433 1585 quippiam
459 1544 643 1585 nudumque
675 1544 854 1583 sumpserit
881 1540 914 1581 (ξ
940 1539 1010 1582 54),
1037 1544 1068 1572 et
1096 1540 1213 1582 quibus
1237 1541 1370 1581 sinqulu
1394 1539 1543 1578 frustula
1568 1540 1614 1568 in-

93 1590 257 1622 troducit.-
287 1589 335 1628 [Γ.
362 1589 379 1620 I)
406 1589 508 1628 Quae
536 1588 664 1619 deinde
691 1587 782 1618 Cato
808 1587 912 1617 iuxta
937 1586 1043 1624 dicit,
1072 1595 1133 1623 ea,
1159 1584 1277 1626 inquit
1301 1582 1442 1626 [Τῇ-(ἠ,
1471 1583 1614 1614 confes-

94 1635 232 1666 sionem
258 1634 418 1673 faciunt,
445 1643 516 1664 non
543 1633 794 1664 defensionem
819 1649 861 1652 —
887 1641 1000 1672 eaque
1027 1631 1106 1671 ipsa
1131 1630 1245 1661 uerba
1272 1629 1394 1670 ponit,
1422 1629 1473 1659 ita
1500 1631 1539 1658 ut
1564 1628 1616 1658 in-

93 1680 150 1711 fra
176 1680 367 1720 scriptum:
398 1678 497 1718 —fwu
523 1689 540 1709 c
566 1680 695 1719 postea
721 1677 835 1708 uerba
861 1676 952 1707 haec
978 1686 1022 1706 ex
1049 1674 1173 1706 eadem
1199 1675 1363 1706 oratione
1391 1674 1503 1714 ponit.
1526 1673 1575 1713 fr.
1596 1673 1618 1703 (l

94 1727 176 1766 post
208 1723 338 1755 deinde
367 1733 469 1754 usum
501 1733 579 1754 esse
613 1723 790 1753 Catonem
822 1721 910 1752 dicit
948 1721 984 1751 in
1022 1720 1149 1751 cadem
1187 1720 1351 1751 oratione
1390 1717 1618 1759 argumentis

95 1780 220 1811 parum
246 1768 411 1799 honestis
437 1771 474 1799 et
499 1768 605 1798 nimis
632 1767 844 1798 audacibus.
873 1783 914 1788 —-
948 1766 1061 1797 uerba
1088 1769 1207 1795 autem
1234 1775 1277 1795 ex
1305 1774 1348 1795 ea
1374 1764 1541 1795 oratione
1567 1762 1615 1795 M.

95 1814 248 1845 Catonis
273 1813 363 1844 haec
388 1816 489 1845 sunt:
519 1813 567 1852 fr.
594 1823 610 1843 e
638 1812 769 1843 deinde
800 1811 910 1853 paulo
943 1810 1040 1841 infra
1073 1810 1179 1841 dicit:
1208 1810 1255 1850 fr.
1280 1810 1303 1849 f
1328 1812 1455 1850 postea
1489 1809 1541 1838 ita
1567 1807 1618 1838 di-

95 1860 161 1891 cit:
190 1877 231 1880 —-
248 1858 404 1890 Pluribus
422 1858 657 1890 Rhodiensium
674 1858 871 1899 legationem
897 1860 1146 1887 enm‘rauerunt
1170 1854 1332 1896 Polybius
1351 1854 1457 1884 XXX
1481 1855 1501 1884 4
1517 1864 1567 1894 sq.
1587 1857 1618 1883 ec

96 1905 213 1936 Liuius
238 1903 423 1934 XXXXV
442 1904 575 1934 20-—25
601 1901 673 1944 (qui
697 1904 729 1933 in
754 1902 844 1933 lu'sce
868 1902 1009 1943 Polybio
1041 1911 1107 1932 non
1133 1905 1183 1932 est
1214 1899 1317 1940 usus).
1367 1900 1419 1930 hic
1440 1903 1619 1940 postquam

95 1960 190 1980 unum
221 1960 237 1980 e
270 1948 514 1980 Rhodiensibus
549 1949 649 1989 [onya
679 1948 834 1979 oracione
864 1957 938 1978 sese
969 1946 1204 1985 defendentem
1231 1945 1330 1984 fecit,
1363 1945 1412 1975 sic
1435 1945 1548 1985 pergit
1574 1941 1615 1982 (e.

96 1995 156 2033 25,
185 1993 237 2034 1):
271 1993 477 2026 Secundum
508 1993 619 2024 talem
652 1993 853 2024 orationem
880 1991 1043 2023 uniuersi
1074 2000 1197 2021 rursus
1224 1989 1458 2031 prociderunt
1484 1998 1619 2019 ramos—

98 2049 166 2081 que
191 2039 295 2070 oleae
322 2038 504 2080 supplices
528 2040 714 2070 iactantes
747 2037 897 2068 tandem
924 2036 1074 2068 excitati
1099 2036 1201 2067 curia
1234 2037 1482 2066 excesserunt.
1533 2036 1619 2063 tunc

99 2084 304 2116 sententiae
331 2084 552 2124 interrogari
579 2087 743 2124 coeptae.
793 2081 1025 2112 infestissimi
1048 2080 1199 2111 Rhodiis
1234 2083 1337 2111 erant
1363 2079 1423 2120 qui
1451 2078 1619 2109 eonsules

98 2132 330 2171 praetoresue
356 2132 420 2159 aut
444 2128 560 2169 legati
578 2130 771 2169 gesserant
796 2128 832 2157 in
850 2126 1069 2158 Macedonia
1086 2125 1232 2157 bellum.
1266 2124 1456 2165 plurimum
1475 2132 1619 2154 eausam

100 2184 222 2205 eornm
259 2173 399 2204 adluuit
432 2173 479 2207 Μ,
512 2173 661 2204 Porcius
696 2172 806 2211 Cato,
846 2172 907 2212 qui
944 2181 1054 2212 asper
1089 2170 1255 2211 ingenio,
1296 2172 1371 2200 tum
1402 2169 1519 2199 lenem
1558 2167 1619 2197 mi-

100 2222 245 2260 temque
282 2222 488 2250 senatorem
515 2218 602 2259 egit.
652 2228 722 2248 non
756 2217 913 2248 inseram
952 2215 1184 2247 simulacrum
1228 2214 1298 2245 uiri
1337 2214 1482 2254 copiose
1530 2222 1621 2253 quae

101 2264 235 2295 dixerit
256 2263 465 2302 referend0;
492 2263 635 2304 ipsius
663 2262 808 2293 oratio
834 2262 1004 2303 scripta
1024 2264 1191 2301 exstat,
1219 2260 1443 2299 originum
1464 2258 1620 2298 quinto

102 2309 219 2341 libro
245 2308 437 2339 inclusa.

219 2459 252 2493 1.
286 2457 329 2492 Ea
364 2456 573 2492 lllnodiensis
605 2456 729 2491 ciuitas
762 2456 860 2504 uuly.
922 2455 1135 2490 Rhodiensis
1167 2466 1235 2489 om.
1283 2453 1397 2488 VRP
1518 2450 1553 2485 2.
1587 2463 1620 2497 p.

105 2515 144 2551 P..
177 2516 211 2551 R
271 2513 414 2562 pplill-
449 2513 481 2547 P
659 2512 752 2547 soret
784 2524 851 2547 om.
886 2511 917 2546 R
1098 2510 1225 2556 Philipi
1258 2510 1291 2544 R
1465 2507 1500 2542 3.
1537 2504 1620 2554 suit]

118 2617 212 2652 soret
244 2615 309 2651 suit
351 2615 384 2650 V
550 2612 587 2648 4.
623 2564 804 2649 ilodienses
837 2614 870 2648 P
1028 2612 1063 2648 7.
1095 2611 1281 2646 rodicnses
1314 2610 1347 2643 P
1496 2608 1532 2641 8.
1566 2606 1624 2641 ad-

106 2670 213 2730 uersu
253 2694 281 2730 V
424 2689 637 2740 Romanum]
674 2703 715 2727 .ι·.
749 2692 783 2727 R
957 2693 991 2727 9.
1025 2689 1219 2742 plublicum
1252 2689 1286 2723 R
1450 2686 1511 2722 10.
1545 2696 1624 2732 pcr-

107 2752 274 2786 timcuere
306 2751 340 2785 R
514 2744 622 2796 qnae]
657 2759 698 2794 q;
743 2748 857 2783 VRP
1030 2747 1092 2781 10.
1130 2745 1192 2779 11.
1226 2742 1364 2778 cetibus
1409 2742 1479 2777 VI’

110 2797 270 2845 14,‘15.
303 2803 481 2852 sipliciter
513 2800 570 2839 R¹
631 2803 816 2850 supliciter
846 2799 905 2838 R‘2
1065 2801 1164 2835 sactis
1196 2811 1214 2834 e
1245 2795 1359 2847 curia]
1394 2798 1476 2833 sacti
1508 2798 1624 2833 securi

118 2864 190 2900 VP
247 2861 374 2897 habitis
406 2861 489 2896 sacti
520 2861 636 2895 securi
673 2859 702 2894 R
735 2861 875 2895 emend.
909 2859 1129 2902 Maluspina

176 2932 291 2962 Pmna,
311 2931 390 2956 nist.
413 2931 497 2954 Rom.
517 2929 583 2954 rell.
620 2930 642 2953 I.
826 2937 829 2939 ·
1304 2919 1353 2950 VI
