1884 3213
230 195 283 238 28
846 199 1145 240 RELLIQVIAE

231 315 446 357 monilum,
488 326 535 352 ue
578 315 657 352 uim
698 326 809 353 suam
850 316 1023 367 experiri
1064 314 1203 354 uellet:
1244 327 1293 355 ne
1332 321 1416 355 tum
1458 315 1618 368 quidem
1665 329 1751 356 esse

231 394 383 421 ausum.
427 383 531 420 exim
555 382 681 421 lilium
704 384 789 421 eius
811 395 896 421 esse
914 388 1129 428 mortuum,
1154 384 1319 423 eandem
1343 385 1383 424 in
1406 386 1554 424 somnis
1573 385 1749 424 admoni-

230 453 381 489 tionem
399 452 521 489 fuisse
538 452 711 489 torti-(1111.
745 456 828 489 tum
846 451 958 490 illum
976 453 1094 491 etiam
1113 451 1286 491 debilem
1310 454 1457 492 sactum
1480 465 1565 492 rein
1587 453 1749 493 adami-

231 531 297 557 cos
317 518 522 564 detulisse,
543 531 714 571 quorum
732 519 779 557 (le
798 521 994 558 sententia
1016 521 1058 558 in
1085 520 1271 559 lecticula
1289 522 1440 560 curiam
1460 533 1545 560 esse
1563 521 1748 566 delatum,

231 600 399 639 eumque
438 589 593 627 senatui
632 589 829 628 somnium
862 590 1150 634 enarrauisset,
1183 588 1353 642 pedibus
1384 591 1467 629 suis
1498 589 1654 629 saluum
1685 602 1781 632 re-5

229 745 399 782 λούθουν
428 747 624 803 ξαίνοντες
649 745 802 801 μα’στιξι
827 744 973 800 γυμνὸν
999 742 1103 799 ὅνζα.
1154 742 1173 781 ὃ
1201 742 1239 781 δ’
1266 743 1307 782 ἐν
1333 747 1465 790 τοιαδε
1492 742 1638 792 ἀνάγκῃ
1662 759 1751 791 κρα-

229 788 411 843 τούμενος
439 789 533 844 ἐβόα
558 803 597 826 τε
604 791 754 850 φωνὰς
780 789 1019 848 δυσφήμους,
1052 787 1096 832 ἃς
1121 790 1144 837 ἡ
1172 788 1351 836 αλγηδών
1378 783 1578 846 ἐβούλετο,
1603 792 1668 827 καὶ
1693 805 1750 827 κι-

229 833 357 887 νήσεις
383 834 450 871 ὁια
459 850 544 891 την
570 836 704 872 αἰκίαν
729 834 949 889 ασχήμονας
975 834 1147 874 ἐκινεῖτο.
1179 850 1321 891 τουτον,
1340 835 1388 882 δὴ
1412 850 1554 878 παντες
1571 834 1752 881 ἐνόμισαν

230 896 330 917 ειναι
356 880 423 916 τὸν
448 879 522 917 ὑπο
555 882 622 918 τοῦ
655 884 752 917 θεοῦ
779 895 1025 935 μηνυοιιενον
1048 879 1245 935 ὀρχηστὴν
1276 878 1321 917 οὔ
1354 880 1482 919 καλόν,
1517 901 1558 906 -
1584 903 1626 907 -—
1659 887 1702 917 73
1725 883 1748 928 ἡ

229 924 346 984 βουλὴ
379 948 421 951 —
455 924 728 981 ανᾳζητήσασα
761 942 827 963 τον
870 942 920 974 τῳ
957 924 1170 984 θεράποντι
1207 925 1477 980 λωβησαμενον
1514 928 1580 962 καὶ
1612 929 1752 973 ζημίαν

230 971 476 1030 ἐπιβαλοῦσα,
504 972 548 1027 ἡς
574 969 683 1030 α’ξιος
706 987 766 1027 ην,
795 970 929 1029 ἑτέραν
955 969 1174 1026 ἐψηφίσατο
1205 974 1255 1019 τῷ
1287 973 1368 1019 θεῷ
1399 970 1556 1027 πομπὴν
1582 970 1749 1008 ἐπιτελε-

230 1021 380 1074 σθηναι
400 1018 466 1053 καὶ
491 1032 538 1062 ay
543 1017 641 1058 ὦνας
667 1015 705 1061 ἐξ
724 1014 842 1064 αρχῆς
867 1015 1019 1062 ἑτέρους
1044 1032 1119 1053 απο
1147 1020 1358 1053 διπλασίων
1377 1032 1588 1063 χρηματων,
1614 1013 1640 1062 η’
1662 1015 1750 1063 πρό-

230 1077 339 1106 τερον
364 1061 554 1107 ἐγένοντο.
593 1067 797 1108 Dionysium,
823 1068 857 1098 in
882 1077 946 1108 quo
970 1067 1035 1098 iam
1058 1067 1184 1098 inuenit
1208 1077 1324 1098 nomen
1345 1067 1467 1107 falsum
1491 1067 1666 1104 Λατῖνος
1692 1068 1750 1098 de—

228 1113 368 1153 scripsit
392 1112 594 1144 Plutarchus
620 1112 743 1144 Coriol.
770 1113 858 1143 24—
861 1113 914 1144 25
963 1113 1398 1153 co7197uitAugyzcstin,de
1430 1113 1492 1146 eiu
1519 1113 1552 1144 d.
1578 1111 1669 1143 IIII
1693 1113 1749 1152 26,

230 1159 287 1199 qui
311 1162 419 1189 tamen
451 1158 541 1199 quod
566 1159 633 1197 fine
666 1158 762 1189 addit
793 1157 911 1189 Tanto
946 1157 1179 1198 stupefactus
1211 1156 1383 1189 mirac-ulo
1416 1160 1566 1189 senatus
1597 1156 1749 1198 quadru-

229 1202 367 1244 plicata
393 1202 551 1244 pecunia
582 1201 686 1234 ludos
712 1203 855 1234 censuit
884 1202 1101 1242 instaurari,
1133 1203 1290 1234 dissentit
1313 1213 1334 1234 a
1359 1203 1534 1244 Dionysio,
1561 1204 1618 1245 qui
1641 1203 1750 1244 dupli—

229 1252 339 1279 catam
355 1249 539 1287 -pecunz‘am
564 1259 584 1279 (ι
607 1252 727 1279 senatu
745 1258 818 1280 esse
834 1250 1034 1289 scripserat.
1075 1247 1119 1279 In
1140 1249 1261 1289 paucis
1285 1249 1386 1280 aliter
1409 1248 1496 1280 hane
1514 1258 1584 1280 rem
1607 1253 1749 1280 enarrat

229 1294 305 1325 Liu.
332 1293 379 1324 II
402 1294 456 1333 36,
484 1294 532 1324 ita
555 1297 589 1324 ut
615 1293 742 1326 (luobus
766 1295 901 1325 somniis
919 1294 1088 1325 Latinium
1105 1294 1259 1325 monitum
1277 1303 1350 1325 esse
1367 1293 1519 1333 referat:
1544 1293 1638 1324 Ludi
1656 1293 1750 1326 forte

231 1349 274 1369 ex
299 1338 567 1370 instauratione
592 1339 717 1380 magni
741 1339 878 1371 Romae
903 1339 1140 1380 parabantur.
1188 1338 1421 1371 instaurandi
1446 1338 1539 1370 haec
1557 1338 1751 1370 causa-fu-

229 1386 327 1414 erat:
355 1383 452 1415 ludis
477 1394 582 1415 mane
608 1394 753 1415 seruum
771 1383 917 1426 quidam
942 1387 1046 1427 pater
1072 1383 1235 1415 familiae
1253 1384 1410 1415 nondum
1437 1384 1625 1416 commisso
1650 1393 1751 1426 spee-

229 1428 351 1461 taeulo
384 1430 449 1461 sub
483 1429 584 1461 furca
616 1439 763 1461 caesum
788 1429 906 1461 medio
935 1432 1061 1472 egerat
1094 1430 1203 1463 circo,
1256 1430 1379 1471 coepti
1410 1429 1493 1460 inde
1525 1429 1618 1469 ludi,
1650 1429 1750 1460 uelut

229 1484 273 1506 ea
299 1485 356 1507 res
382 1474 470 1506 nihil
488 1474 533 1506 ad
550 1474 764 1516 religionem
783 1476 1032 1516 pertinuisset.
1065 1474 1163 1506 haud
1187 1475 1237 1505 ita
1254 1474 1365 1507 multo
1383 1477 1466 1516 post
1484 1474 1567 1506 Tito
1585 1474 1748 1516 Latinio,

230 1519 273 1551 de
299 1519 406 1561 plebe
432 1520 580 1558 homini,
607 1520 784 1552 somnium
810 1520 890 1552 fuit.
938 1521 1039 1551 uisus
1070 1519 1236 1562 Iuppiter
1267 1520 1388 1552 dicere
1420 1520 1492 1551 sibi
1522 1519 1620 1551 ludis
1645 1530 1750 1561 prae-

230 1564 445 1597 sultatorem
478 1564 723 1606 displicuisse.
771 1566 841 1596 nisi
866 1565 1059 1608 magnifice
1092 1565 1388 1597 instaurarentur
1418 1565 1444 1596 ii
1473 1565 1570 1605 ludi,
1610 1565 1749 1607 pericu-

228 1610 300 1641 lum
326 1611 407 1643 urbi
433 1611 527 1650 fore3
554 1611 633 1650 iret,
660 1620 702 1642 ea
727 1611 937 1643 consulibus
962 1611 1162 1642 nuntiaret.
1199 1620 1416 1652 quamquam
1434 1609 1532 1642 haud
1553 1620 1638 1642 sane
1656 1609 1751 1641 liber

229 1659 310 1687 erat
334 1655 512 1697 religione
540 1656 694 1696 animus,
720 1656 944 1688 uerecundia
970 1659 1094 1687 tamen
1118 1656 1327 1688 maiestatis
1345 1656 1626 1697 magistratuum
1643 1656 1749 1687 timo-

229 1711 303 1732 rem
327 1701 431 1742 uicit,
458 1711 502 1732 ne
528 1701 565 1732 in
592 1712 655 1733 ora
680 1701 863 1732 hominum
890 1712 954 1743 pro
979 1701 1136 1733 ludibrio
1162 1701 1293 1733 abiret.
1343 1711 1474 1743 magno
1500 1700 1554 1732 illi
1574 1711 1618 1732 ea
1644 1711 1749 1732 eunc-

228 1746 319 1777 tatio
352 1747 474 1785 stetit,
508 1745 620 1777 filium
646 1757 801 1788 namque
827 1747 926 1778 intra
952 1756 1089 1788 paucos
1115 1746 1194 1778 dies
1226 1746 1361 1779 amisit.
1410 1747 1510 1778 cuius
1536 1746 1750 1788 repentinae

229 1791 345 1823 cladis
370 1801 415 1823 ne
442 1801 554 1822 causa
579 1791 688 1824 dubia
715 1794 828 1831 esset,
859 1802 969 1833 aegro
1001 1791 1113 1823 animi
1144 1791 1271 1824 eadem
1301 1791 1366 1823 illa
1391 1791 1428 1822 in
1462 1791 1595 1823 somnis
1622 1791 1749 1823 obuer-

229 1840 311 1868 sata
336 1836 478 1878 speeies
502 1836 584 1868 uisa
615 1840 671 1868 est
702 1837 879 1878 rogitare,
906 1835 1015 1869 satin’
1050 1847 1219 1878 magnam
1255 1837 1369 1878 spreti
1404 1836 1561 1868 numinis
1597 1835 1750 1868 haberet

228 1881 451 1917 mercedem:
477 1882 650 1913 maiorem
676 1881 828 1923 instare,
856 1882 894 1913 ni
919 1886 980 1914 eat
1006 1892 1158 1923 propere
1184 1892 1227 1913 ac
1251 1882 1399 1913 nuntiet
1425 1881 1646 1914 consulibus.
1680 1882 1750 1912 iam

227 1927 458 1969 praesentior
475 1938 534 1958 res
553 1930 643 1958 erat.
684 1930 916 1959 cunctantem
934 1931 1057 1959 tamen
1074 1937 1118 1958 ae
1143 1927 1391 1968 prolatantem
1416 1927 1545 1968 ingens
1563 1927 1618 1958 uis
1635 1926 1750 1958 morbi

228 1972 357 2004 adorta
383 1975 439 2004 est
463 1971 657 2003 debilitate
682 1972 817 2004 subita.
866 1976 953 2003 tunc
978 1972 1163 2004 enimuero
1188 1972 1335 2003 deorum
1360 1972 1415 2003 ira
1441 1972 1640 2006 admonuit.
1677 1972 1749 2003 fes-

229 2028 291 2049 sus
316 2018 428 2058 igitur
452 2017 558 2049 malis
583 2017 795 2058 praeteritis
821 2017 1117 2058 instantibusque
1151 2017 1304 2049 consilio
1335 2017 1619 2059 propinquorum
1650 2016 1750 2048 adhi-

228 2064 306 2095 bito
333 2074 412 2094 eum
438 2063 519 2094 uisa
545 2065 652 2103 atque
680 2061 805 2093 audita
833 2065 869 2093 et
896 2063 1128 2094 obseruatum
1155 2062 1291 2093 totiens
1319 2072 1442 2094 somno
1468 2063 1603 2102 Iouem,
1630 2061 1748 2093 minas

227 2109 372 2149 irasque
400 2108 579 2140 caelestes
604 2110 899 2149 repraesentatas
926 2107 1072 2139 casibus
1097 2107 1172 2138 suis
1199 2107 1437 2148 exposuisset,
1466 2117 1646 2139 consensu
1663 2106 1748 2138 inde

228 2153 326 2185 haud
351 2153 459 2185 dubie
487 2154 642 2185 omnium
669 2152 729 2194 qui
755 2152 911 2184 aderant
936 2153 972 2183 in
999 2152 1115 2184 forum
1140 2151 1185 2183 ad
1217 2152 1386 2184 consules
1411 2152 1545 2184 lectica
1572 2151 1748 2183 defertur.

228 2199 311 2231 inde
336 2199 372 2230 in
399 2199 537 2231 curiam
562 2198 663 2229 iussu
689 2197 878 2229 consulum
904 2197 1050 2229 delatus
1076 2197 1203 2229 eadem
1228 2196 1293 2229 illa
1311 2207 1390 2228 cum
1414 2197 1582 2238 patribus
1606 2197 1749 2238 ingenti

228 2245 384 2275 omnium
403 2243 645 2276 admiratione
661 2246 882 2283 enarrasset,
901 2253 986 2275 eece
1001 2241 1100 2274 aliud
1115 2241 1344 2274 miraculum:
1365 2242 1425 2284 qui
1440 2245 1570 2284 captus
1583 2241 1748 2274 omnibus

227 2289 395 2322 membris
420 2289 564 2321 delatus
587 2289 625 2319 in
650 2288 787 2320 curiam
815 2291 930 2329 esset,
964 2298 1042 2319 eum
1070 2287 1234 2319 functum
1260 2286 1380 2320 officio
1406 2287 1558 2328 pedibus
1584 2287 1661 2318 suis
1685 2286 1746 2318 do-

227 2346 322 2367 mum
347 2334 486 2367 redisse
516 2332 688 2365 traditum
711 2333 905 2365 memoriae
937 2336 1003 2364 est.
1051 2332 1146 2363 Ludi
1177 2343 1283 2374 quam
1307 2333 1520 2373 amplissimi
1543 2336 1583 2364 ut
1607 2331 1748 2372 fierent,

227 2383 376 2413 senatus
402 2379 573 2411 decreuit.
620 2378 680 2410 Ex
705 2389 743 2411 eo
774 2379 930 2410 Valerius
947 2378 1047 2409 Mam.
1068 2378 1089 2409 I
1113 2379 1143 2417 7,
1170 2380 1190 2410 4
1216 2377 1264 2419 (in
1288 2379 1415 2409 duabus
1439 2383 1548 2409 tamen
1570 2377 1670 2409 rebus
1695 2387 1748 2408 er-

226 2437 318 2462 rans,
345 2427 435 2467 quod
456 2435 588 2456 seruum
611 2424 750 2464 plebeiis
775 2425 861 2455 Iudi-s·
891 2428 922 2454 et
947 2434 1011 2462 per
1035 2425 1157 2454 circum
1189 2424 1398 2460 lv'tamz'nizmz,
1426 2424 1484 2464 qui
1515 2428 1579 2454 tum
1603 2423 1747 2454 nondum

227 2476 420 2503 exstructus
445 2475 531 2510 erat,
559 2470 688 2501 (luctum
713 2480 785 2500 esse
810 2468 974 2509 scripsit).
1012 2479 1083 2499 cum
1109 2479 1146 2500 eo
1168 2470 1301 2508 fuciunt
1325 2468 1455 2500 4νηοῖ).
1485 2468 1561 2500 VII
1586 2469 1640 2499 39.
1676 2467 1747 2499 La-

227 2521 330 2547 amtant
355 2517 431 2547 inm-t
459 2515 503 2546 II
529 2516 559 2554 7,
585 2515 628 2545 20
654 2511 724 2549 (uhi
744 2514 834 2553 falso
859 2513 952 2545 homo
984 2514 1037 2545 ille
1070 2515 1110 2545 tle
1140 2514 1237 2554 plebe
1262 2514 1318 2545 'li.
1343 2513 1490 2545 Atinius
1515 2511 1664 2553 dieitur)
1690 2513 1747 2544 de-

228 2563 326 2604 nique
351 2562 417 2592 nisi
433 2561 522 2603 quod
546 2571 577 2594 α
596 2559 674 2591 280.
692 2560 757 2590 474
782 2560 864 2590 illud
887 2559 1051 2590 accidisse
1075 2559 1194 2590 ser-ibit
1225 2558 1335 2601 (quem
1352 2569 1470 2590 annum
1487 2569 1515 2590 (ι
1540 2558 1748 2599 quorundam

226 2608 427 2638 coniecturis
452 2605 604 2646 defendit
631 2604 812 2637 Mommsen
838 2605 857 2636 1.
883 2604 976 2644 infra
1001 2604 1047 2643 s)
1073 2604 1269 2635 Mumobius
1292 2608 1355 2635 sac.
1389 2603 1407 2634 l
1441 2604 1479 2634 11
1506 2605 1545 2641 3,
1578 2613 1671 2644 quem
1701 2612 1747 2634 ex

233 2652 389 2683 Varrone
413 2661 476 2683 sua
500 2651 650 2682 Ιιαιιῃςίεςε
675 2649 810 2681 Merkel
832 2650 866 2680 in
890 2651 1019 2689 proleq.
1052 2650 1098 2680 ad
1129 2648 1225 2681 Ouid.
1249 2650 1332 2688 fast.
1366 2648 1485 2680 CLIX
1515 2652 1608 2680 reete
1637 2648 1746 2688 suspi-

341 2788 378 2823 ἱ).
413 2789 501 2823 exim
544 2789 646 2825 Voss.
672 2788 707 2824 B
765 2788 843 2823 exin
886 2787 987 2822 Voss.
1011 2786 1042 2820 A
1074 2788 1175 2821 Leid.
1208 2787 1250 2822 H
1287 2786 1440 2822 Vindob.
1640 2783 1676 2819 4.
1710 2785 1744 2819 in

229 2845 323 2878 sturia
368 2844 470 2881 Leid.
518 2845 559 2880 H
801 2843 836 2879 5.
883 2842 1021 2878 saluum
1069 2842 1213 2878 domum
1259 2842 1452 2877 reuertisse
1502 2841 1664 2878 Voss.B
1708 2844 1744 2875 ec

227 2910 314 2934 exc.
347 2895 506 2936 I’illcoCfi
