1884 3213
541 187 582 220 L.
609 186 801 222 CINCIVS
826 187 1105 221 ALIMENTVS
1514 198 1591 228 CXI

64 302 208 340 randis
236 302 492 349 retiqiontbus
523 303 659 342 clatum
691 307 761 341 aut
791 305 984 351 rela'yione
1005 305 1156 341 animos
1187 306 1256 341 [tect
1277 314 1454 352 corpora
1484 315 1590 342 mor-

65 370 122 407 bis
152 371 326 413 leuauit‚·
365 371 459 418 quin
498 372 638 413 etiam,
678 382 768 410 cum
806 371 955 409 medios
988 371 1098 417 sorte
1134 372 1248 409 ludos
1286 373 1418 411 circus
1459 371 1593 410 Tiberi

63 436 278 486 superfuso
319 438 519 485 inriyatus
559 438 794 486 inpedisset,
835 440 878 476 id
921 450 1017 477 uero
1058 440 1160 477 uelut
1201 441 1354 477 auersis
1392 441 1471 477 iam
1511 440 1588 477 diis

65 495 448 554 aspernantibusque
469 507 708 554 placamina
740 507 826 543 irae
847 510 1039 544 terrorem
1061 507 1255 554 inqentem
1283 505 1396 552 fecit.
1457 508 1592 555 itaque

68 574 108 610 C.
144 573 317 611 Genucio
348 573 393 611 L.
428 574 595 612 Aemilio
639 573 845 611 Mamerco
884 575 1025 612 iterum
1070 574 1294 612 consulibus
1323 586 1411 612 cum
1444 576 1588 623 piacu-

63 641 192 679 lorum
223 642 350 688 mayis
379 642 613 690 conquisitio
644 643 798 679 animos
827 652 945 689 quam
983 653 1158 690 corpora
1196 642 1324 680 morbi
1352 630 1586 689 adficerent,

63 710 272 758 repetitum
309 720 361 746 ea:
398 710 598 747 seniorum
636 710 826 747 memoria
864 710 1032 753 dicitur,
1073 711 1342 758 pestilentiam
1386 711 1588 757 quondam

62 778 179 815 clauo
209 777 258 814 ab
289 779 484 815 ‹lt'clatore
511 779 596 823 fisco
626 778 818 814 sedatam.
879 787 926 815 ea
965 778 1161 825 reliyione
1198 778 1398 816 adductus
1428 783 1590 815 senatus

63 846 297 883 dictatorem
328 846 438 884 claui
461 845 618 893 fiyendi
644 855 768 883 causa
800 845 884 883 dici
911 845 1033 883 iussit.
1077 845 1206 883 dictus
1236 845 1280 883 L.
1307 845 1486 883 Manlius
1507 844 1587 882 Im-

54 913 238 961 periosus
271 913 312 951 L.
346 913 561 951 Pinarium
591 914 827 961 maqistrum
858 913 1030 960 equitum
1062 913 1180 950 dixu.
1240 913 1308 951 lex
1330 916 1484 950 uetusta
1514 917 1583 956 est,

54 981 204 1029 priscis
234 982 378 1019 litteris
407 980 615 1029 uerbisque
643 981 809 1029 scripta,
845 985 887 1018 ut
917 982 985 1028 qui
1006 985 1178 1029 praetor
1206 981 1406 1018 maximus
1434 982 1485 1018 sit
1514 981 1587 1018 idi-

61 1048 131 1086 bus
161 1048 454 1097 Septembribus
483 1050 640 1087 clauum
675 1054 846 1097 panyat.
902 1050 992 1094 fixa
1025 1047 1111 1094 suit
1147 1051 1290 1086 dextro
1328 1049 1449 1086 lateri
1477 1049 1588 1086 aedis

34 1149 43 1154 .
61 1108 174 1154 Iouis
203 1118 343 1165 optimi
369 1118 548 1161 maximi,
580 1129 632 1154 esc
662 1128 742 1164 qua
766 1120 893 1164 parte
924 1116 1136 1154 Mineruae
1166 1117 1351 1164 templum
1382 1120 1451 1154 est.
1500 1127 1586 1154 eum

60 1185 234 1231 clauum,
268 1185 362 1232 quia
393 1195 517 1222 rarae
548 1195 627 1232 per
664 1195 713 1221 ea
751 1188 932 1232 tempora
969 1184 1129 1222 litterae
1165 1187 1302 1228 erant,
1342 1188 1476 1222 notam
1514 1196 1584 1222 nu-

59 1252 162 1289 meri
179 1262 376 1290 [licitorum
402 1250 531 1298 fuisse
557 1251 713 1299 ferunt,
747 1262 867 1299 eoque
902 1251 1118 1290 Mineruae
1148 1253 1290 1299 tempto
1319 1251 1498 1290 dicatam
1529 1253 1583 1289 le-

58 1318 166 1367 ye'm,
214 1320 308 1367 quia
346 1330 534 1358 numerus
572 1319 786 1357 Mineruae
830 1320 1029 1357 inuentum
1068 1320 1131 1357 sit.
1200 1319 1387 1358 Volsiniis
1431 1330 1585 1367 quoque

60 1388 198 1426 clauos
228 1388 380 1425 indices
411 1388 567 1425 numeri
595 1398 793 1425 annorum
820 1388 926 1433 fixos
957 1388 995 1425 in
1027 1387 1170 1435 templo
1203 1386 1368 1424 Nortiae
1389 1386 1586 1425 Etruscae

61 1456 160 1493 deae
202 1465 425 1504 conparere
465 1455 635 1502 diliyens
683 1455 821 1493 talium
860 1459 1197 1493 monumentorum
1243 1458 1388 1492 auctor
1428 1455 1585 1493 Cincius

59 1523 260 1569 adfirmat.
321 1523 516 1561 Horatius
545 1523 682 1561 consul
711 1533 758 1559 ea
796 1523 883 1570 leqe
914 1524 1097 1571 templum
1128 1521 1238 1560 Iouis
1260 1523 1398 1570 optimi
1416 1523 1587 1560 maximi

59 1591 263 1629 dedicauit
293 1601 398 1628 cinno
424 1595 516 1639 post
545 1600 660 1638 reyes
689 1595 866 1635 exactos,
900 1602 925 1628 a
956 1590 1182 1629 consulibus
1209 1594 1349 1638 postea
1380 1591 1434 1628 ad
1456 1591 1582 1628 dicta-

59 1664 175 1707 tores,
209 1660 303 1707 quia
333 1660 462 1696 maius
492 1659 699 1706 imperium
730 1662 832 1702 erat,
864 1659 1050 1696 sollemne
1081 1658 1191 1696 claui
1222 1658 1378 1705 fiaendi
1405 1659 1582 1695 transla—

58 1731 138 1765 tum
169 1731 237 1765 est.
297 1727 520 1764 intermisso
551 1726 696 1764 deinde
732 1736 840 1764 more
879 1726 1004 1774 diana
1042 1726 1161 1763 etiam
1194 1736 1272 1773 per
1309 1736 1350 1763 se
1387 1726 1474 1763 uisa
1504 1736 1580 1774 res,

50 1799 225 1843 propter
255 1804 372 1842 quam
403 1794 577 1832 dictator
606 1798 830 1832 crearetur.
875 1805 955 1842 qua
984 1794 1033 1832 de
1062 1804 1187 1832 causa
1216 1797 1376 1831 creatus
1396 1793 1440 1830 L.
1465 1793 1580 1830 Man-

55 1863 143 1911 lius,
168 1863 341 1911 perinde
372 1872 421 1900 ac
451 1863 514 1900 rei
538 1862 743 1909 {serendae
773 1872 823 1900 ac
852 1872 930 1899 non
960 1861 1179 1899 soluendae
1208 1861 1414 1909 reliyionis
1441 1862 1582 1908 qratia

56 1934 214 1968 creatus
243 1933 352 1974 esset,
383 1930 525 1968 bellum
556 1929 773 1968 Hernicum
804 1928 1020 1976 adfectans
1050 1929 1195 1966 dilectu
1226 1928 1370 1966 acerbo
1400 1929 1580 1966 iuuentu-

57 2002 133 2035 tem
164 1998 346 2045 ayitauit,
380 1998 616 2044 tandemque
647 1997 823 2035 omnibus
853 1998 892 2035 in
930 2008 1018 2035 eum
1056 1996 1226 2035 tribunis
1256 1996 1385 2044 plebe‘s
1414 1997 1576 2043 coortis,

56 2076 124 2102 seu
155 2066 200 2103 ui
225 2076 292 2103 seu
323 2066 566 2103 uerecundia
588 2066 727 2110 uictus,
759 2064 964 2103 dictatura
987 2065 1099 2103 abiit.
1161 2064 1339 2101 Primum
1362 2064 1469 2101 enim
1491 2064 1577 2114 qui—

57 2133 117 2169 uis
150 2132 354 2176 concedet,
387 2133 460 2171 hoe
492 2139 770 2182 argumentum
802 2144 887 2170 esse
920 2130 1017 2169 libri
1049 2131 1266 2181 antiquarii
1288 2130 1351 2168 uel
1381 2142 1577 2179 granima-

57 2200 140 2244 tici,
172 2211 252 2237 non
285 2200 499 2245 annalium,
533 2206 616 2238 tum
648 2211 812 2251 prorsus
845 2199 1062 2238 abhorrent
1085 2211 1104 2236 a
1126 2198 1196 2236 tali
1228 2202 1577 2236 monumentoruin

56 2267 275 2305 Tuscorum
308 2267 536 2306 laudatione
569 2272 727 2306 ueteres
767 2267 827 2305 illi
867 2267 1070 2311 historici,
1113 2267 1179 2317 qui
1219 2277 1309 2303 cum
1349 2277 1448 2316 quae
1487 2270 1576 2303 anto

57 2334 176 2384 pedes
207 2339 340 2373 essent
371 2339 627 2373 monumenta
659 2340 696 2372 et
729 2336 1012 2385 inscriptiones
1043 2333 1319 2384 neglegerent,
1352 2334 1440 2384 quis
1472 2338 1575 2371 aeta-

57 2402 107 2438 tis
144 2401 432 2440 Hannibalioae
479 2403 718 2453 scriptorem
764 2402 966 2441 Etruriam
1012 2403 1303 2453 pei-uestigasse
1350 2400 1485 2439 credat
1530 2400 1574 2437 :nl

58 2547 238 2588 exposuit,
264 2547 341 2580 iure
369 2558 512 2589 sperare
537 2548 668 2589 potuit,
697 2548 757 2589 qui
774 2547 952 2589 legerent,
972 2547 1071 2589 ipsos
1090 2546 1299 2579 deducendo
1319 2547 1461 2577 uisuros
1481 2554 1573 2584 esse,

57 2606 216 2644 quantae
242 2604 365 2644 copiae
396 2603 509 2646 Alpes
540 2607 770 2645 transgresso
808 2603 1010 2634 Hannibali
1042 2603 1079 2634 in
1109 2602 1219 2635 Italia
1252 2602 1423 2640 fuissent,
1457 2610 1574 2641 neque

55 2659 190 2690 diserte
216 2658 252 2690 id
277 2658 411 2691 addere
437 2669 526 2700 opus
554 2659 661 2701 erat),
689 2663 725 2691 et
750 2660 889 2691 numeri
908 2659 1077 2691 Cinciani
1103 2658 1250 2700 egregie
1275 2657 1469 2689 concinunt
1494 2666 1573 2687 cuni

55 2714 208 2756 Polybio
235 2717 270 2746 et
294 2714 411 2756 ipsius
437 2714 657 2747 Hannibalis
674 2716 894 2756 testimonio,
923 2715 1017 2756 quod
1034 2714 1184 2747 tabulae
1203 2712 1414 2745 Laciniensi
1432 2710 1572 2750 incidit,

57 2781 136 2802 cum
162 2774 198 2802 et
223 2769 320 2811 apud
355 2769 519 2802 Cincium
556 2774 592 2802 et.
626 2771 724 2813 apud
755 2770 947 2812 Polybium
977 2782 997 2803 a
1029 2770 1197 2802 Rhodani
1227 2768 1383 2799 fluminis
1416 2767 1573 2798 transitu

55 2827 212 2858 amissae
240 2826 312 2857 sint
328 2825 472 2857 illarum
490 2827 675 2868 copiarum
694 2827 837 2859 circiter
854 2827 944 2859 duae
964 2827 1113 2868 quintae
1140 2827 1278 2866 partes,
1305 2834 1348 2856 ex
1372 2823 1572 2865 nonaginta

55 2883 200 2915 milibus
227 2882 346 2914 Cincii
372 2882 527 2923 triginta
553 2892 634 2923 seiz,
663 2893 706 2915 ex
732 2884 974 2925 quadraginta
1000 2892 1064 2914 sex
1089 2881 1233 2912 milibus
1259 2879 1403 2922 Polybii
1427 2879 1570 2922 uiginti.
