<?xml version="1.0" encoding="UTF-8"?>
<!DOCTYPE html PUBLIC "-//W3C//DTD XHTML 1.0 Transitional//EN"
    "http://www.w3.org/TR/xhtml1/DTD/xhtml1-transitional.dtd">
<html xmlns="http://www.w3.org/1999/xhtml" xml:lang="en" lang="en">
 <head>
  <title>
</title>
<meta http-equiv="Content-Type" content="text/html;charset=utf-8" />
  <meta name='ocr-system' content='tesseract 3.04.00' />
  <meta name='ocr-capabilities' content='ocr_page ocr_carea ocr_par ocr_line ocrx_word'/>
</head>
<body>
  <div class='ocr_page' id='page_1' title='image "./veterumhistorico01peteuoft_0713.png"; bbox 0 0 1884 3213; ppageno 0'>
   <div class='ocr_carea' id='block_1_1' title="bbox 329 732 1479 915">
    <p class='ocr_par' dir='ltr' id='par_1_1' title="bbox 329 732 1479 915">
     <span class='ocr_line' id='line_1_1' title="bbox 329 732 1479 791; baseline 0.003 -5"><span class='ocrx_word' id='word_1_1' title='bbox 329 732 680 787; x_wconf 67' lang='lat' dir='ltr'>INOERTAE</span> <span class='ocrx_word' id='word_1_2' title='bbox 722 732 1015 788; x_wconf 77' lang='lat' dir='ltr'>AETATIS</span> <span class='ocrx_word' id='word_1_3' title='bbox 1058 733 1479 791; x_wconf 71' lang='lat' dir='ltr'>SCRIPTORES</span> 
     </span>
     <span class='ocr_line' id='line_1_2' title="bbox 458 866 1320 915; baseline 0.002 -2"><span class='ocrx_word' id='word_1_4' title='bbox 458 866 722 914; x_wconf 80' lang='lat' dir='ltr'>SVLPICII</span> <span class='ocrx_word' id='word_1_5' title='bbox 757 867 1094 915; x_wconf 79' lang='lat' dir='ltr'>BLITHONIS</span> <span class='ocrx_word' id='word_1_6' title='bbox 1132 869 1320 915; x_wconf 80' lang='lat' dir='ltr'>LIBER</span> 
     </span>
    </p>
   </div>
   <div class='ocr_carea' id='block_1_2' title="bbox 136 980 1776 1234">
    <p class='ocr_par' dir='ltr' id='par_1_2' title="bbox 136 980 1776 1234">
     <span class='ocr_line' id='line_1_3' title="bbox 253 980 1657 1030; baseline 0.003 -12"><span class='ocrx_word' id='word_1_7' title='bbox 253 981 412 1019; x_wconf 77' lang='lat' dir='ltr'>Cornel.</span> <span class='ocrx_word' id='word_1_8' title='bbox 460 981 557 1030; x_wconf 72' lang='lat' dir='ltr'>Nep.</span> <span class='ocrx_word' id='word_1_9' title='bbox 600 982 736 1019; x_wconf 76' lang='lat' dir='ltr'>Hamz.</span> <span class='ocrx_word' id='word_1_10' title='bbox 784 980 852 1025; x_wconf 79' lang='lat'>13,</span> <span class='ocrx_word' id='word_1_11' title='bbox 902 980 920 1019; x_wconf 86' lang='lat'>1</span> <span class='ocrx_word' id='word_1_12' title='bbox 969 981 1122 1028; x_wconf 83' lang='lat' dir='ltr'>Quibus</span> <span class='ocrx_word' id='word_1_13' title='bbox 1172 982 1406 1021; x_wconf 77' lang='lat' dir='ltr'>consulibus</span> <span class='ocrx_word' id='word_1_14' title='bbox 1457 985 1657 1022; x_wconf 83' lang='lat' dir='ltr'>interierit</span> 
     </span>
     <span class='ocr_line' id='line_1_4' title="bbox 141 1046 1776 1100; baseline 0.002 -14"><span class='ocrx_word' id='word_1_15' title='bbox 141 1046 400 1099; x_wconf 63' lang='lat' dir='ltr'>[Hannibal]</span> <span class='ocrx_word' id='word_1_16' title='bbox 434 1061 512 1086; x_wconf 92' lang='lat' dir='ltr'>non</span> <span class='ocrx_word' id='word_1_17' title='bbox 546 1050 748 1087; x_wconf 85' lang='lat' dir='ltr'>conuenit.</span> <span class='ocrx_word' id='word_1_18' title='bbox 811 1061 979 1100; x_wconf 86' lang='lat' dir='ltr'>namque</span> <span class='ocrx_word' id='word_1_19' title='bbox 1011 1050 1163 1088; x_wconf 83' lang='lat' dir='ltr'>Atticus</span> <span class='ocrx_word' id='word_1_20' title='bbox 1193 1050 1242 1087; x_wconf 89' lang='lat' dir='ltr'>M.</span> <span class='ocrx_word' id='word_1_21' title='bbox 1276 1050 1440 1088; x_wconf 87' lang='lat' dir='ltr'>Claudio</span> <span class='ocrx_word' id='word_1_22' title='bbox 1472 1051 1656 1089; x_wconf 78' lang='lat' dir='ltr'>Marcello</span> <span class='ocrx_word' id='word_1_23' title='bbox 1769 1069 1776 1078; x_wconf 76' lang='lat'><strong><em>¹</em></strong></span> 
     </span>
     <span class='ocr_line' id='line_1_5' title="bbox 138 1102 1746 1188; baseline 0.002 -36"><span class='ocrx_word' id='word_1_24' title='bbox 138 1116 182 1161; x_wconf 80' lang='lat' dir='ltr'>Q.</span> <span class='ocrx_word' id='word_1_25' title='bbox 216 1115 337 1154; x_wconf 83' lang='lat' dir='ltr'>Fabio</span> <span class='ocrx_word' id='word_1_26' title='bbox 369 1115 551 1154; x_wconf 76' lang='lat' dir='ltr'>Labeone</span> <span class='ocrx_word' id='word_1_27' title='bbox 593 1116 827 1155; x_wconf 81' lang='lat' dir='ltr'>consulibus</span> <span class='ocrx_word' id='word_1_28' title='bbox 866 1122 1068 1155; x_wconf 83' lang='lat' dir='ltr'>mortuum</span> <span class='ocrx_word' id='word_1_29' title='bbox 1109 1119 1148 1155; x_wconf 93' lang='lat' dir='ltr'>in</span> <span class='ocrx_word' id='word_1_30' title='bbox 1190 1117 1321 1156; x_wconf 88' lang='lat' dir='ltr'>annali</span> <span class='ocrx_word' id='word_1_31' title='bbox 1359 1130 1430 1156; x_wconf 81' lang='lat' dir='ltr'>suo</span> <span class='ocrx_word' id='word_1_32' title='bbox 1462 1120 1655 1169; x_wconf 88' lang='lat' dir='ltr'>scriptum</span> <span class='ocrx_word' id='word_1_33' title='bbox 1680 1102 1746 1188; x_wconf 47' lang='grc' dir='ltr'>ἐξ</span> 
     </span>
     <span class='ocr_line' id='line_1_6' title="bbox 136 1183 1654 1234; baseline 0.002 -14"><span class='ocrx_word' id='word_1_34' title='bbox 136 1183 314 1234; x_wconf 85' lang='lat' dir='ltr'>reliquit.</span> <span class='ocrx_word' id='word_1_35' title='bbox 346 1206 402 1209; x_wconf 57' lang='grc'>»-</span> <span class='ocrx_word' id='word_1_36' title='bbox 432 1183 636 1234; x_wconf 83' lang='lat' dir='ltr'>Sulpicius</span> <span class='ocrx_word' id='word_1_37' title='bbox 668 1189 799 1222; x_wconf 80' lang='lat' dir='ltr'>autem</span> <span class='ocrx_word' id='word_1_38' title='bbox 827 1184 959 1223; x_wconf 78' lang='lat' dir='ltr'>Blitho</span> <span class='ocrx_word' id='word_1_39' title='bbox 991 1185 1032 1222; x_wconf 88' lang='lat' dir='ltr'>P.</span> <span class='ocrx_word' id='word_1_40' title='bbox 1064 1185 1251 1223; x_wconf 88' lang='lat' dir='ltr'>Cornelio</span> <span class='ocrx_word' id='word_1_41' title='bbox 1283 1185 1454 1234; x_wconf 77' lang='lat' dir='ltr'><strong>Cethego</strong></span> <span class='ocrx_word' id='word_1_42' title='bbox 1485 1185 1533 1223; x_wconf 84' lang='lat' dir='ltr'>M.</span> <span class='ocrx_word' id='word_1_43' title='bbox 1557 1186 1654 1223; x_wconf 91' lang='lat' dir='ltr'>Bae-</span> 
     </span>
    </p>
   </div>
   <div class='ocr_carea' id='block_1_3' title="bbox 97 1249 456 1302">
    <p class='ocr_par' dir='ltr' id='par_1_3' title="bbox 97 1249 456 1302">
     <span class='ocr_line' id='line_1_7' title="bbox 97 1249 456 1302; baseline 0.003 -14"><span class='ocrx_word' id='word_1_44' title='bbox 97 1263 113 1288; x_wconf 88' lang='lat'>5</span> <span class='ocrx_word' id='word_1_45' title='bbox 137 1249 203 1288; x_wconf 90' lang='lat' dir='ltr'>bio</span> <span class='ocrx_word' id='word_1_46' title='bbox 234 1250 456 1302; x_wconf 80' lang='lat' dir='ltr'>Tamphilo.</span> 
     </span>
    </p>
   </div>
   <div class='ocr_carea' id='block_1_4' title="bbox 286 1443 1497 1606">
    <p class='ocr_par' dir='ltr' id='par_1_4' title="bbox 286 1443 1497 1606">
     <span class='ocr_line' id='line_1_8' title="bbox 286 1443 1497 1491; baseline 0.002 -2"><span class='ocrx_word' id='word_1_47' title='bbox 286 1443 458 1489; x_wconf 87' lang='lat' dir='ltr'><strong>ALFII</strong></span> <span class='ocrx_word' id='word_1_48' title='bbox 493 1443 679 1489; x_wconf 87' lang='lat' dir='ltr'><strong>BELLI</strong></span> <span class='ocrx_word' id='word_1_49' title='bbox 715 1443 1290 1491; x_wconf 74' lang='lat' dir='ltr'>eARTHAGINIENSIS</span> <span class='ocrx_word' id='word_1_50' title='bbox 1328 1444 1497 1491; x_wconf 84' lang='lat' dir='ltr'>LIBRI</span> 
     </span>
     <span class='ocr_line' id='line_1_9' title="bbox 742 1564 1051 1606; baseline 0.003 -1"><span class='ocrx_word' id='word_1_51' title='bbox 742 1564 828 1606; x_wconf 86' lang='lat' dir='ltr'>EX</span> <span class='ocrx_word' id='word_1_52' title='bbox 865 1564 990 1606; x_wconf 89' lang='lat' dir='ltr'><strong>LIB.</strong></span> <span class='ocrx_word' id='word_1_53' title='bbox 1030 1565 1051 1606; x_wconf 91' lang='lat' dir='ltr'>I</span> 
     </span>
    </p>
   </div>
   <div class='ocr_carea' id='block_1_5' title="bbox 76 1667 1653 2395">
    <p class='ocr_par' dir='ltr' id='par_1_5' title="bbox 132 1667 1653 1924">
     <span class='ocr_line' id='line_1_10' title="bbox 246 1667 1652 1722; baseline -0.001 -15"><span class='ocrx_word' id='word_1_54' title='bbox 246 1671 349 1708; x_wconf 78' lang='lat' dir='ltr'>Fest.</span> <span class='ocrx_word' id='word_1_55' title='bbox 368 1681 398 1707; x_wconf 88' lang='lat' dir='ltr'>s.</span> <span class='ocrx_word' id='word_1_56' title='bbox 422 1681 460 1707; x_wconf 84' lang='lat' dir='ltr'>u.</span> <span class='ocrx_word' id='word_1_57' title='bbox 480 1669 717 1707; x_wconf 68' lang='lat' dir='ltr'>Mamertini</span> <span class='ocrx_word' id='word_1_58' title='bbox 728 1681 768 1717; x_wconf 77' lang='lat' dir='ltr'>p.</span> <span class='ocrx_word' id='word_1_59' title='bbox 796 1667 874 1708; x_wconf 82' lang='lat'>158</span> <span class='ocrx_word' id='word_1_60' title='bbox 896 1670 954 1708; x_wconf 88' lang='lat' dir='ltr'>M.</span> <span class='ocrx_word' id='word_1_61' title='bbox 968 1669 1194 1708; x_wconf 76' lang='lat' dir='ltr'>Mamertini</span> <span class='ocrx_word' id='word_1_62' title='bbox 1217 1668 1430 1721; x_wconf 76' lang='lat' dir='ltr'>appel[lale&#39;</span> <span class='ocrx_word' id='word_1_63' title='bbox 1447 1675 1538 1709; x_wconf 75' lang='lat' dir='ltr'>sunt</span> <span class='ocrx_word' id='word_1_64' title='bbox 1557 1670 1652 1722; x_wconf 55' lang='lat' dir='ltr'>lude</span> 
     </span>
     <span class='ocr_line' id='line_1_11' title="bbox 134 1736 1653 1788; baseline 0.001 -13"><span class='ocrx_word' id='word_1_65' title='bbox 134 1737 181 1775; x_wconf 94' lang='lat' dir='ltr'>de</span> <span class='ocrx_word' id='word_1_66' title='bbox 213 1749 351 1775; x_wconf 83' lang='lat' dir='ltr'>causa:</span> <span class='ocrx_word' id='word_1_67' title='bbox 386 1749 476 1775; x_wconf 86' lang='lat' dir='ltr'>cum</span> <span class='ocrx_word' id='word_1_68' title='bbox 497 1739 571 1775; x_wconf 82' lang='lat' dir='ltr'>toti</span> <span class='ocrx_word' id='word_1_69' title='bbox 594 1736 755 1775; x_wconf 82' lang='lat' dir='ltr'>Samnio</span> <span class='ocrx_word' id='word_1_70' title='bbox 776 1739 912 1786; x_wconf 82' lang='lat' dir='ltr'>grauis</span> <span class='ocrx_word' id='word_1_71' title='bbox 935 1737 1142 1775; x_wconf 88' lang='lat' dir='ltr'>incidisset</span> <span class='ocrx_word' id='word_1_72' title='bbox 1164 1737 1402 1788; x_wconf 69' lang='lat' dir='ltr'>pestilentia,</span> <span class='ocrx_word' id='word_1_73' title='bbox 1437 1738 1653 1776; x_wconf 79' lang='lat' dir='ltr'>Sthennius</span> 
     </span>
     <span class='ocr_line' id='line_1_12' title="bbox 132 1805 1652 1855; baseline 0.001 -12"><span class='ocrx_word' id='word_1_74' title='bbox 132 1805 293 1843; x_wconf 87' lang='lat' dir='ltr'>Mettius</span> <span class='ocrx_word' id='word_1_75' title='bbox 324 1806 410 1843; x_wconf 89' lang='lat' dir='ltr'>eius</span> <span class='ocrx_word' id='word_1_76' title='bbox 441 1806 570 1854; x_wconf 84' lang='lat' dir='ltr'>gentis</span> <span class='ocrx_word' id='word_1_77' title='bbox 601 1806 790 1855; x_wconf 88' lang='lat' dir='ltr'>princeps</span> <span class='ocrx_word' id='word_1_78' title='bbox 827 1810 1044 1843; x_wconf 79' lang='lat' dir='ltr'>conuocata</span> <span class='ocrx_word' id='word_1_79' title='bbox 1082 1806 1233 1843; x_wconf 80' lang='lat' dir='ltr'>ciuium</span> <span class='ocrx_word' id='word_1_80' title='bbox 1272 1816 1435 1842; x_wconf 90' lang='lat' dir='ltr'>suorum</span> <span class='ocrx_word' id='word_1_81' title='bbox 1468 1807 1652 1843; x_wconf 81' lang='lat' dir='ltr'>contione</span> 
     </span>
     <span class='ocr_line' id='line_1_13' title="bbox 134 1871 1651 1924; baseline 0 -14"><span class='ocrx_word' id='word_1_82' title='bbox 134 1874 339 1924; x_wconf 79' lang='lat' dir='ltr'>exposuit,</span> <span class='ocrx_word' id='word_1_83' title='bbox 380 1885 420 1910; x_wconf 86' lang='lat' dir='ltr'>se</span> <span class='ocrx_word' id='word_1_84' title='bbox 452 1871 602 1910; x_wconf 87' lang='lat' dir='ltr'>uidisse</span> <span class='ocrx_word' id='word_1_85' title='bbox 635 1874 675 1910; x_wconf 92' lang='lat' dir='ltr'>in</span> <span class='ocrx_word' id='word_1_86' title='bbox 708 1873 841 1923; x_wconf 87' lang='lat' dir='ltr'>quiete</span> <span class='ocrx_word' id='word_1_87' title='bbox 880 1873 1195 1923; x_wconf 65' lang='lat' dir='ltr'>praecipientem</span> <span class='ocrx_word' id='word_1_88' title='bbox 1226 1872 1472 1924; x_wconf 88' lang='lat' dir='ltr'>Apollinem,</span> <span class='ocrx_word' id='word_1_89' title='bbox 1516 1878 1576 1917; x_wconf 86' lang='lat' dir='ltr'>ut,</span> <span class='ocrx_word' id='word_1_90' title='bbox 1618 1875 1651 1910; x_wconf 86' lang='lat' dir='ltr'>si</span> 
     </span>
    </p>

    <p class='ocr_par' dir='ltr' id='par_1_6' title="bbox 76 1939 1649 2395">
     <span class='ocr_line' id='line_1_14' title="bbox 76 1939 1649 1990; baseline -0.001 -12"><span class='ocrx_word' id='word_1_91' title='bbox 76 1946 108 1970; x_wconf 88' lang='lat'>10</span> <span class='ocrx_word' id='word_1_92' title='bbox 137 1940 286 1978; x_wconf 88' lang='lat' dir='ltr'>uellent</span> <span class='ocrx_word' id='word_1_93' title='bbox 318 1952 363 1978; x_wconf 88' lang='lat' dir='ltr'>ex</span> <span class='ocrx_word' id='word_1_94' title='bbox 395 1940 498 1978; x_wconf 85' lang='lat' dir='ltr'>malo</span> <span class='ocrx_word' id='word_1_95' title='bbox 530 1940 710 1984; x_wconf 83' lang='lat' dir='ltr'>liberari,</span> <span class='ocrx_word' id='word_1_96' title='bbox 743 1952 815 1978; x_wconf 89' lang='lat' dir='ltr'>uer</span> <span class='ocrx_word' id='word_1_97' title='bbox 846 1952 1002 1978; x_wconf 85' lang='lat' dir='ltr'>sacrum</span> <span class='ocrx_word' id='word_1_98' title='bbox 1036 1944 1244 1983; x_wconf 87' lang='lat' dir='ltr'>uouerent,</span> <span class='ocrx_word' id='word_1_99' title='bbox 1278 1939 1316 1977; x_wconf 91' lang='lat' dir='ltr'>id</span> <span class='ocrx_word' id='word_1_100' title='bbox 1340 1944 1411 1983; x_wconf 81' lang='lat' dir='ltr'>est,</span> <span class='ocrx_word' id='word_1_101' title='bbox 1436 1952 1649 1990; x_wconf 67' lang='lat' dir='ltr'>quaet-um-</span> 
     </span>
     <span class='ocr_line' id='line_1_15' title="bbox 131 2006 1648 2058; baseline -0.001 -13"><span class='ocrx_word' id='word_1_102' title='bbox 131 2020 207 2058; x_wconf 85' lang='lat' dir='ltr'>que</span> <span class='ocrx_word' id='word_1_103' title='bbox 238 2019 333 2046; x_wconf 87' lang='lat' dir='ltr'>uere</span> <span class='ocrx_word' id='word_1_104' title='bbox 365 2009 546 2058; x_wconf 82' lang='lat' dir='ltr'>proximo</span> <span class='ocrx_word' id='word_1_105' title='bbox 577 2012 668 2046; x_wconf 85' lang='lat' dir='ltr'>nata</span> <span class='ocrx_word' id='word_1_106' title='bbox 702 2012 855 2051; x_wconf 87' lang='lat' dir='ltr'>essent,</span> <span class='ocrx_word' id='word_1_107' title='bbox 888 2007 1164 2045; x_wconf 78' lang='lat' dir='ltr'>immolaturos</span> <span class='ocrx_word' id='word_1_108' title='bbox 1195 2006 1286 2045; x_wconf 83' lang='lat' dir='ltr'>sibi.</span> <span class='ocrx_word' id='word_1_109' title='bbox 1350 2019 1426 2057; x_wconf 80' lang='lat' dir='ltr'>quo</span> <span class='ocrx_word' id='word_1_110' title='bbox 1458 2008 1562 2045; x_wconf 83' lang='lat' dir='ltr'>facto</span> <span class='ocrx_word' id='word_1_111' title='bbox 1594 2007 1648 2044; x_wconf 81' lang='lat' dir='ltr'>le-</span> 
     </span>
     <span class='ocr_line' id='line_1_16' title="bbox 132 2074 1647 2126; baseline -0.002 -13"><span class='ocrx_word' id='word_1_112' title='bbox 132 2076 233 2113; x_wconf 86' lang='lat' dir='ltr'>uatis</span> <span class='ocrx_word' id='word_1_113' title='bbox 272 2080 359 2126; x_wconf 87' lang='lat' dir='ltr'>post</span> <span class='ocrx_word' id='word_1_114' title='bbox 398 2087 544 2113; x_wconf 83' lang='lat' dir='ltr'>annum</span> <span class='ocrx_word' id='word_1_115' title='bbox 582 2076 848 2113; x_wconf 83' lang='lat' dir='ltr'>uicensimum</span> <span class='ocrx_word' id='word_1_116' title='bbox 890 2074 1032 2113; x_wconf 86' lang='lat' dir='ltr'>deinde</span> <span class='ocrx_word' id='word_1_117' title='bbox 1073 2074 1250 2112; x_wconf 79' lang='lat' dir='ltr'>eiusdem</span> <span class='ocrx_word' id='word_1_118' title='bbox 1289 2075 1447 2123; x_wconf 80' lang='lat' dir='ltr'>generis</span> <span class='ocrx_word' id='word_1_119' title='bbox 1486 2075 1647 2111; x_wconf 80' lang='lat' dir='ltr'>incessit</span> 
     </span>
     <span class='ocr_line' id='line_1_17' title="bbox 130 2141 1649 2194; baseline -0.001 -15"><span class='ocrx_word' id='word_1_120' title='bbox 130 2142 372 2193; x_wconf 79' lang='lat' dir='ltr'>pestilentia.</span> <span class='ocrx_word' id='word_1_121' title='bbox 436 2155 594 2181; x_wconf 86' lang='lat' dir='ltr'>rursum</span> <span class='ocrx_word' id='word_1_122' title='bbox 627 2144 759 2194; x_wconf 82' lang='lat' dir='ltr'>itaque</span> <span class='ocrx_word' id='word_1_123' title='bbox 792 2142 998 2180; x_wconf 87' lang='lat' dir='ltr'>consultus</span> <span class='ocrx_word' id='word_1_124' title='bbox 1028 2141 1167 2192; x_wconf 86' lang='lat' dir='ltr'>Apollo</span> <span class='ocrx_word' id='word_1_125' title='bbox 1199 2141 1418 2191; x_wconf 86' lang='lat' dir='ltr'>respondit,</span> <span class='ocrx_word' id='word_1_126' title='bbox 1452 2154 1531 2179; x_wconf 88' lang='lat' dir='ltr'>non</span> <span class='ocrx_word' id='word_1_127' title='bbox 1564 2154 1649 2179; x_wconf 82' lang='lat' dir='ltr'>esse</span> 
     </span>
     <span class='ocr_line' id='line_1_18' title="bbox 131 2208 1644 2261; baseline -0.002 -13"><span class='ocrx_word' id='word_1_128' title='bbox 131 2210 376 2260; x_wconf 86' lang='lat' dir='ltr'>persolutum</span> <span class='ocrx_word' id='word_1_129' title='bbox 410 2209 457 2248; x_wconf 83' lang='lat' dir='ltr'>ab</span> <span class='ocrx_word' id='word_1_130' title='bbox 489 2210 551 2248; x_wconf 90' lang='lat' dir='ltr'>his</span> <span class='ocrx_word' id='word_1_131' title='bbox 589 2215 746 2253; x_wconf 83' lang='lat' dir='ltr'>uotum,</span> <span class='ocrx_word' id='word_1_132' title='bbox 785 2209 889 2261; x_wconf 88' lang='lat' dir='ltr'>quod</span> <span class='ocrx_word' id='word_1_133' title='bbox 928 2209 1109 2248; x_wconf 88' lang='lat' dir='ltr'>homines</span> <span class='ocrx_word' id='word_1_134' title='bbox 1149 2208 1341 2247; x_wconf 86' lang='lat' dir='ltr'>immolati</span> <span class='ocrx_word' id='word_1_135' title='bbox 1382 2221 1460 2246; x_wconf 92' lang='lat' dir='ltr'>non</span> <span class='ocrx_word' id='word_1_136' title='bbox 1501 2214 1644 2251; x_wconf 83' lang='lat' dir='ltr'>essent,</span> 
     </span>
     <span class='ocr_line' id='line_1_19' title="bbox 130 2276 1644 2328; baseline -0.002 -13"><span class='ocrx_word' id='word_1_137' title='bbox 130 2290 229 2328; x_wconf 84' lang='lat' dir='ltr'>quos</span> <span class='ocrx_word' id='word_1_138' title='bbox 259 2279 293 2316; x_wconf 83' lang='lat' dir='ltr'>si</span> <span class='ocrx_word' id='word_1_139' title='bbox 324 2277 588 2328; x_wconf 84' lang='lat' dir='ltr'>expulissent,</span> <span class='ocrx_word' id='word_1_140' title='bbox 620 2283 727 2316; x_wconf 85' lang='lat' dir='ltr'>certe</span> <span class='ocrx_word' id='word_1_141' title='bbox 759 2278 844 2316; x_wconf 82' lang='lat' dir='ltr'>fore</span> <span class='ocrx_word' id='word_1_142' title='bbox 879 2282 919 2315; x_wconf 87' lang='lat' dir='ltr'>ut</span> <span class='ocrx_word' id='word_1_143' title='bbox 951 2289 994 2315; x_wconf 89' lang='lat' dir='ltr'>ea</span> <span class='ocrx_word' id='word_1_144' title='bbox 1027 2276 1137 2315; x_wconf 88' lang='lat' dir='ltr'>clade</span> <span class='ocrx_word' id='word_1_145' title='bbox 1170 2276 1451 2314; x_wconf 72' lang='lat' dir='ltr'>liberarentur.</span> <span class='ocrx_word' id='word_1_146' title='bbox 1514 2276 1644 2326; x_wconf 87' lang='lat' dir='ltr'>itaque</span> 
     </span>
     <span class='ocr_line' id='line_1_20' title="bbox 130 2342 1645 2395; baseline -0.001 -13"><span class='ocrx_word' id='word_1_147' title='bbox 130 2344 171 2382; x_wconf 89' lang='lat' dir='ltr'>hi</span> <span class='ocrx_word' id='word_1_148' title='bbox 203 2346 301 2383; x_wconf 90' lang='lat' dir='ltr'>iussi</span> <span class='ocrx_word' id='word_1_149' title='bbox 332 2346 461 2395; x_wconf 86' lang='lat' dir='ltr'>patria</span> <span class='ocrx_word' id='word_1_150' title='bbox 493 2344 698 2389; x_wconf 81' lang='lat' dir='ltr'>decedere,</span> <span class='ocrx_word' id='word_1_151' title='bbox 732 2357 822 2383; x_wconf 89' lang='lat' dir='ltr'>eum</span> <span class='ocrx_word' id='word_1_152' title='bbox 855 2346 895 2383; x_wconf 89' lang='lat' dir='ltr'>in</span> <span class='ocrx_word' id='word_1_153' title='bbox 927 2349 1037 2394; x_wconf 84' lang='lat' dir='ltr'>parte</span> <span class='ocrx_word' id='word_1_154' title='bbox 1069 2357 1112 2382; x_wconf 87' lang='lat' dir='ltr'>ea</span> <span class='ocrx_word' id='word_1_155' title='bbox 1136 2342 1335 2394; x_wconf 74' lang='lat' dir='ltr'>Si[cile&#39;ae]</span> <span class='ocrx_word' id='word_1_156' title='bbox 1361 2343 1645 2386; x_wconf 79' lang='lat' dir='ltr'>consedissent,</span> 
     </span>
    </p>
   </div>
   <div class='ocr_carea' id='block_1_6' title="bbox 217 2501 837 2542">
    <p class='ocr_par' dir='ltr' id='par_1_7' title="bbox 217 2501 837 2542">
     <span class='ocr_line' id='line_1_21' title="bbox 217 2501 837 2542; baseline 0.003 -10"><span class='ocrx_word' id='word_1_157' title='bbox 217 2503 249 2533; x_wconf 87' lang='lat'>4.</span> <span class='ocrx_word' id='word_1_158' title='bbox 274 2503 318 2540; x_wconf 80' lang='lat' dir='ltr'>cf,</span> <span class='ocrx_word' id='word_1_159' title='bbox 352 2501 427 2532; x_wconf 75' lang='lat' dir='ltr'>Val.</span> <span class='ocrx_word' id='word_1_160' title='bbox 456 2502 537 2532; x_wconf 82' lang='lat' dir='ltr'>Ant.</span> <span class='ocrx_word' id='word_1_161' title='bbox 561 2502 609 2542; x_wconf 77' lang='lat' dir='ltr'>fr.</span> <span class='ocrx_word' id='word_1_162' title='bbox 635 2503 678 2533; x_wconf 90' lang='grc'>49</span> <span class='ocrx_word' id='word_1_163' title='bbox 704 2512 732 2533; x_wconf 81' lang='grc' dir='ltr'>ο.</span> <span class='ocrx_word' id='word_1_164' title='bbox 758 2503 837 2535; x_wconf 80' lang='lat' dir='ltr'>adn.</span> 
     </span>
    </p>
   </div>
   <div class='ocr_carea' id='block_1_7' title="bbox 240 2636 1645 2685">
    <p class='ocr_par' dir='ltr' id='par_1_8' title="bbox 240 2636 1645 2685">
     <span class='ocr_line' id='line_1_22' title="bbox 240 2636 1645 2685; baseline -0.003 -12"><span class='ocrx_word' id='word_1_165' title='bbox 240 2638 278 2674; x_wconf 82' lang='lat'>4.</span> <span class='ocrx_word' id='word_1_166' title='bbox 320 2639 494 2685; x_wconf 78' lang='lat' dir='ltr'>Sulpitius</span> <span class='ocrx_word' id='word_1_167' title='bbox 527 2641 582 2673; x_wconf 76' lang='lat' dir='ltr'>ed.</span> <span class='ocrx_word' id='word_1_168' title='bbox 629 2639 879 2674; x_wconf 68' lang='lat' dir='ltr'>Vltraieete&#39;na</span> <span class='ocrx_word' id='word_1_169' title='bbox 1051 2637 1142 2672; x_wconf 81' lang='lat' dir='ltr'>Blito</span> <span class='ocrx_word' id='word_1_170' title='bbox 1177 2638 1270 2672; x_wconf 79' lang='lat' dir='ltr'>Gml.</span> <span class='ocrx_word' id='word_1_171' title='bbox 1413 2636 1572 2681; x_wconf 77' lang='lat' dir='ltr'>Cethego</span> <span class='ocrx_word' id='word_1_172' title='bbox 1611 2642 1645 2669; x_wconf 85' lang='lat' dir='ltr'>et</span> 
     </span>
    </p>
   </div>
   <div class='ocr_carea' id='block_1_8' title="bbox 129 2694 1646 2799">
    <p class='ocr_par' dir='ltr' id='par_1_9' title="bbox 129 2694 1646 2799">
     <span class='ocr_line' id='line_1_23' title="bbox 129 2694 637 2732; baseline 0.004 -3"><span class='ocrx_word' id='word_1_173' title='bbox 129 2694 236 2729; x_wconf 82' lang='lat' dir='ltr'>Bebio</span> <span class='ocrx_word' id='word_1_174' title='bbox 267 2696 373 2732; x_wconf 75' lang='lat' dir='ltr'>Leid.</span> <span class='ocrx_word' id='word_1_175' title='bbox 407 2696 464 2730; x_wconf 80' lang='lat' dir='ltr'>ed.</span> <span class='ocrx_word' id='word_1_176' title='bbox 505 2696 637 2731; x_wconf 44' lang='lat' dir='ltr'>ls&#39;ltrai.</span> 
     </span>
     <span class='ocr_line' id='line_1_24' title="bbox 243 2748 1646 2799; baseline -0.004 -13"><span class='ocrx_word' id='word_1_177' title='bbox 243 2751 278 2786; x_wconf 81' lang='lat'>7.</span> <span class='ocrx_word' id='word_1_178' title='bbox 319 2751 362 2787; x_wconf 89' lang='lat' dir='ltr'>de</span> <span class='ocrx_word' id='word_1_179' title='bbox 397 2756 471 2786; x_wconf 84' lang='lat' dir='ltr'>toto</span> <span class='ocrx_word' id='word_1_180' title='bbox 504 2748 666 2799; x_wconf 85' lang='lat' dir='ltr'>Samnio]</span> <span class='ocrx_word' id='word_1_181' title='bbox 700 2752 781 2787; x_wconf 79' lang='lat' dir='ltr'>cod.</span> <span class='ocrx_word' id='word_1_182' title='bbox 844 2752 877 2785; x_wconf 90' lang='lat' dir='ltr'>in</span> <span class='ocrx_word' id='word_1_183' title='bbox 912 2756 988 2786; x_wconf 86' lang='lat' dir='ltr'>toto</span> <span class='ocrx_word' id='word_1_184' title='bbox 1021 2750 1162 2784; x_wconf 89' lang='lat' dir='ltr'>Samnio</span> <span class='ocrx_word' id='word_1_185' title='bbox 1196 2749 1368 2791; x_wconf 66' lang='lat' dir='ltr'>Mueller,</span> <span class='ocrx_word' id='word_1_186' title='bbox 1403 2750 1468 2793; x_wconf 75' lang='lat' dir='ltr'>qui</span> <span class='ocrx_word' id='word_1_187' title='bbox 1496 2751 1646 2782; x_wconf 68' lang='lat' dir='ltr'>mamre</span> 
     </span>
    </p>
   </div>
   <div class='ocr_carea' id='block_1_9' title="bbox 128 2804 1646 2900">
    <p class='ocr_par' dir='ltr' id='par_1_10' title="bbox 128 2804 1646 2900">
     <span class='ocr_line' id='line_1_25' title="bbox 128 2804 1646 2851; baseline -0.003 -9"><span class='ocrx_word' id='word_1_188' title='bbox 128 2808 252 2842; x_wconf 70' lang='lat' dir='ltr'>debuit</span> <span class='ocrx_word' id='word_1_189' title='bbox 291 2810 401 2843; x_wconf 80' lang='lat' dir='ltr'>eliam</span> <span class='ocrx_word' id='word_1_190' title='bbox 442 2808 647 2843; x_wconf 76' lang='lat' dir='ltr'>ablatiuum</span> <span class='ocrx_word' id='word_1_191' title='bbox 686 2809 723 2842; x_wconf 73' lang='lat' dir='ltr'>in</span> <span class='ocrx_word' id='word_1_192' title='bbox 765 2810 1040 2843; x_wconf 67' lang='lat' dir='ltr'>(ce-casalinum.</span> <span class='ocrx_word' id='word_1_193' title='bbox 1090 2809 1269 2851; x_wconf 65' lang='lat' dir='ltr'>praeelat</span> <span class='ocrx_word' id='word_1_194' title='bbox 1308 2809 1429 2839; x_wconf 78' lang='lat' dir='ltr'>lamen</span> <span class='ocrx_word' id='word_1_195' title='bbox 1478 2804 1646 2838; x_wconf 67' lang='lat' dir='ltr'>seribere</span> 
     </span>
     <span class='ocr_line' id='line_1_26' title="bbox 131 2862 384 2900; baseline 0.016 -4"><span class='ocrx_word' id='word_1_196' title='bbox 131 2864 195 2898; x_wconf 87' lang='lat' dir='ltr'>toti</span> <span class='ocrx_word' id='word_1_197' title='bbox 228 2862 384 2900; x_wconf 78' lang='lat' dir='ltr'>Samnio.</span> 
     </span>
    </p>
   </div>
  </div>
 </body>
</html>
