1884 3213
816 717 1185 776 PROOILIVS

346 872 469 909 Varro
501 872 540 908 in
573 869 630 907 eis
652 868 778 916 libris,
813 880 911 919 quos
943 867 990 905 de
1022 867 1154 917 lingua
1177 867 1296 905 latina
1329 867 1550 917 conposuit,
1585 865 1759 904 bisPro-

233 940 316 978 cilii
349 939 552 977 cuiusdam
585 938 793 989 scriptoris
824 937 1058 974 auctoritate
1093 937 1234 973 nititur
1266 940 1380 986 atque
1422 934 1638 973 secundum
1672 945 1760 971 eum

233 1014 271 1045 vt
303 1007 474 1046 fabulam
515 1006 621 1045 illam
662 1005 908 1044 notissimam
949 1004 996 1042 de
1028 1004 1153 1042 Curtii
1187 1010 1314 1042 morte
1346 1008 1481 1041 narrat
1513 1003 1575 1053 (sr.
1612 1001 1667 1053 I),
1711 1007 1760 1046 et,

234 1076 334 1114 unde
368 1076 532 1113 intimus
564 1076 696 1112 circus
727 1075 783 1111 ad
805 1073 980 1113 Murcim
1012 1077 1175 1111 uocatus
1207 1073 1270 1115 sit,
1303 1072 1428 1109 refert
1461 1070 1521 1119 (sr.
1544 1068 1598 1120 3).
1645 1082 1760 1120 prae-

233 1150 339 1182 terea
372 1143 542 1181 eundem
567 1142 793 1186 Procssium,
826 1146 869 1180 ut.
899 1141 1071 1184 uidetur,
1105 1140 1152 1178 (le
1186 1140 1363 1191 Pompeii
1399 1140 1599 1190 triumpho
1629 1140 1762 1178 Africo

232 1211 393 1249 aulhihet
423 1210 576 1248 Plinius
609 1208 671 1259 (fr.
705 1207 742 1259 2)
760 1206 808 1258 ¹),
842 1209 1013 1260 denique
1045 1209 1238 1247 Asconius
1271 1208 1332 1256 (fr.
1355 1206 1416 1260 4),
1449 1210 1517 1260 qui
1549 1221 1637 1247 eum
1670 1220 1762 1246 con-

232 1281 354 1317 sociat
385 1291 475 1316 cum
507 1277 633 1329 Oppio
667 1289 800 1315 rerum
834 1278 1048 1328 scriptore,
1090 1276 1192 1326 apud
1233 1289 1322 1315 eum
1362 1289 1403 1315 se
1435 1277 1578 1327 legisse
1609 1275 1760 1320 scribit,

231 1348 332 1399 apud
365 1352 616 1398 quaesturam
651 1350 717 1383 aut
748 1345 984 1395 legationem
1010 1345 1315 1395 prouincialium
1349 1345 1532 1396 querelas
1564 1344 1762 1395 depositas

231 1428 336 1464 esse3
371 1428 417 1452 ex
450 1426 617 1465 quorum
651 1414 969 1452 testimoniorum
1003 1414 1212 1450 coniuncta
1244 1414 1281 1450 ui
1318 1415 1356 1451 in
1383 1413 1665 1451 historicorum
1688 1411 1762 1450 Ro-

232 1495 438 1522 manorum
477 1493 643 1519 numero
675 1480 893 1520 Procilium
932 1492 1016 1519 esse
1057 1481 1282 1532 ponendum
1320 1493 1458 1530 magna
1500 1492 1586 1518 cum
1619 1479 1761 1531 proha-

235 1551 385 1589 hilitatc
418 1551 602 1589 efficitur.
647 1549 801 1587 accedit
831 1548 936 1600 quod
969 1549 1108 1588 Cicero
1142 1547 1202 1598 (ad
1229 1549 1304 1587 Au.
1340 1548 1374 1587 ΙΙ
1405 1546 1444 1592 2,
1477 1545 1503 1585 2
1535 1560 1612 1586 scr.
1637 1559 1670 1586 a.
1693 1545 1761 1586 60.

230 1616 325 1668 694)
359 1623 564 1669 postquam
589 1616 821 1655 Dicaearchi
843 1615 1142 1668 Πελληναίων
1173 1617 1414 1655 mentionem
1440 1615 1554 1661 fecit,
1587 1615 1684 1654 haec
1715 1614 1763 1653 ad

232 1685 516 1725 Dicaearchum
556 1685 795 1723 laudandum
835 1685 963 1724 addit:
1018 1684 1047 1723 Ο
1084 1695 1273 1732 maynum
1311 1685 1510 1723 hominem
1547 1688 1587 1722 et
1623 1695 1648 1721 a
1688 1693 1763 1732 quo

230 1755 348 1792 mullo
381 1755 505 1802 plura
544 1753 735 1791 didiceris
773 1764 892 1800 quam
930 1753 978 1791 de
1019 1753 1198 1792 Procilio.
1261 1750 1522 1803 Κορινθίων
1559 1755 1596 1788 et
1637 1746 1762 1802 Ἀθη-

230 1820 372 1859 ναίων
397 1826 495 1870 pulo
516 1831 576 1858 me
596 1820 747 1858 Romae
767 1821 926 1865 hahere,
961 1822 1093 1871 itaque
1116 1820 1368 1869 significauit,
1402 1819 1614 1857 Procilium
1636 1817 1762 1857 libros

232 1890 459 1940 scripsisse,
500 1890 567 1938 qui
607 1886 684 1926 illis
716 1888 949 1926 Dicaearchi
981 1888 1131 1926 similes
1171 1892 1323 1932 essent,
1365 1887 1405 1926 id
1444 1892 1503 1925 est
1540 1884 1764 1931 πολιτείας

232 1957 294 1995 uel
327 1952 551 2005 historias2)
587 1955 765 2006 (Mueller
793 1956 851 2003 fr.
885 1956 971 1993 laist.
1008 1955 1074 1992 Gr.
1107 1954 1140 1992 ΙΙ
1173 1966 1209 2004 p.
1242 1951 1351 2001 241).

343 2024 604 2062 Adcuratiora
637 2023 684 2061 de
717 2024 775 2061 eis
797 2023 862 2061 uix
885 2027 1073 2072 poterunt
1094 2022 1264 2066 definiri,
1298 2023 1387 2066 nisi,
1421 2023 1453 2060 si
1475 2034 1540 2060 res
1562 2021 1760 2060 Romanae

232 2099 453 2143 temporum
485 2091 639 2129 ratione
672 2095 876 2141 pertextae
909 2095 1039 2134 erant,
1082 2091 1338 2140 antiquitates
1379 2100 1455 2127 non
1487 2101 1573 2127 esse
1606 2088 1760 2138 neglec-

230 2166 309 2204 tas,
343 2159 445 2211 quod
469 2158 642 2196 studium
667 2163 705 2195 et
725 2158 891 2196 multum
916 2158 1173 2195 exercitatum
1196 2162 1254 2194 est
1280 2169 1298 2194 a
1323 2156 1563 2194 Dicaearcho
1587 2155 1762 2205 (Mueller

232 2229 255 2266 1.
289 2240 319 2265 s.
354 2240 389 2278 p.
423 2223 519 2277 228)
553 2232 591 2263 ct
622 2225 683 2263 illa
717 2230 843 2264 aetate
875 2225 1021 2263 Romae
1055 2223 1228 2274 uigebat.
1291 2225 1453 2275 scripsit
1489 2225 1593 2262 enim
1626 2223 1759 2261 Proci-

231 2297 304 2333 lius
336 2296 439 2332 inter
469 2305 592 2332 annos
613 2290 680 2331 81.
703 2290 804 2337 673,
838 2305 915 2344 quo
947 2303 1049 2330 anno
1073 2291 1282 2342 Pompeius
1316 2291 1560 2342 triumphum
1583 2287 1760 2329 Africum

230 2364 310 2413 ogit
341 2362 403 2410 (l'r.
436 2359 496 2412 2),
531 2366 569 2398 et
600 2374 632 2398 a.
667 2358 732 2398 60.
765 2358 866 2404 694,
909 2372 985 2411 quo
1019 2370 1120 2397 anno
1153 2359 1293 2398 Cicero
1326 2371 1415 2397 eum
1449 2364 1493 2397 ut
1523 2358 1760 2409 scriptorem

231 2436 310 2469 tum
343 2431 438 2467 satis
470 2433 603 2466 notum
636 2432 917 2466 conmemorat.

323 2598 347 2639 ¹)
380 2598 577 2630 Praeterea
610 2606 690 2627 eum
722 2599 891 2627 recenset
921 2595 1064 2626 Plinius
1096 2596 1132 2626 in
1163 2595 1245 2629 libr.
1272 2594 1343 2626 XII
1376 2597 1413 2625 et
1443 2593 1533 2626 XIII
1564 2593 1757 2633 indicibus,
1795 2631 1798 2634 ,

232 2666 348 2697 neque
376 2658 498 2686 tamen
524 2653 654 2695 probo,
683 2662 775 2693 quae
803 2651 926 2683 Brunn
952 2652 993 2682 (Ie
1018 2652 1119 2684 indie.
1147 2652 1236 2683 Ptin.
1264 2661 1296 2692 p.
1323 2652 1363 2681 21
1399 2650 1443 2682 de
1469 2650 1580 2682 Fabii
1611 2653 1647 2682 et
1671 2650 1758 2681 Pro-

232 2711 307 2743 cilii
333 2710 540 2742 nominibus
567 2707 830 2749 coniungendis
856 2707 1069 2749 disputauit.

320 2766 347 2807 ²)
375 2765 477 2805 Quod
496 2765 612 2798 Orelli
637 2768 812 2796 onomast.
839 2775 872 2805 p.
890 2764 954 2795 497
982 2773 1024 2794 ex
1051 2763 1119 2794 hoe
1145 2764 1224 2804 ipso
1250 2763 1330 2795 loco
1357 2761 1607 2803 geographica
1632 2772 1653 2792 a
1670 2761 1757 2793 Pro-

232 2822 312 2854 vilio
345 2822 483 2863 scripta
516 2831 595 2853 esse
629 2821 809 2861 conlegit,
849 2819 1028 2851 orationis
1062 2821 1224 2851 tenorem
1265 2818 1441 2860 neglexit.
1492 2817 1562 2849 alio
1596 2816 1675 2849 loco
1710 2816 1755 2848 ad

232 2878 341 2909 Attio.
368 2877 416 2912 VI
441 2879 478 2918 2,
507 2880 525 2909 3
553 2877 681 2909 Cicero
708 2875 977 2908 Dicaearchum
1004 2871 1296 2919 ἴστορικώτατον
1323 2874 1436 2906 Fuisse
1464 2873 1561 2905 dicit.
