1884 3213
228 170 306 208 124
855 166 1155 207 RELLIQVIAE

342 279 414 320 14.
447 282 562 321 Bion.
594 282 694 320 IIII
723 279 774 320 15
810 275 884 328 Ὡς
914 278 962 320 δὲ
995 279 1176 319 Πείσων
1208 278 1399 327 Λεύκιος
1431 278 1481 321 ἐν
1512 280 1565 333 τῇ
1597 277 1751 334 πρώτῃ

227 350 316 388 τῶν
349 347 593 388 ἐνιαυσίων
625 344 903 400 ἀναγραφῶν
936 346 1118 399 ἱστορεῖ,
1150 345 1426 400 βουλόμενος
1447 347 1634 401 (Seruius
1660 348 1750 388 Tul-

224 415 320 460 lius)
354 414 427 455 καὶ
458 416 550 455 τῶν
583 413 633 455 ἐν
663 411 788 455 ἄστει
820 411 1148 467 διατριβόντων
1179 410 1229 454 τό
1260 415 1434 468 πλῆθος
1465 414 1631 455 εἰδέναι
1661 415 1752 455 τῶν

225 497 269 523 τε
308 481 606 536 γεννωμένων
644 482 718 523 καὶ
756 479 1098 535 ἀπογινομένων
1138 479 1212 522 καὶ
1251 482 1339 522 τῶν
1379 481 1440 530 εἰς
1477 479 1645 534 ἄνδρας
1677 479 1746 534 ε’γ-

225 548 546 604 γραφομένων,
588 548 763 603 ἕταξεν,
804 546 915 591 ὅσον
953 548 1044 590 ἔδει
1082 547 1277 603 νόμισμα
1326 548 1597 603 καταφέρειν
1638 545 1751 602 ὑπὲρ

226 616 415 658 ἑκάστου
453 617 558 667 τοὺς
589 616 912 670 προσήκοντας,
947 617 1009 666 εἰς
1038 615 1121 669 μὲν
1152 616 1232 657 τὸν
1263 619 1340 671 τῆς
1371 617 1634 665 Εἰλειθυίας
1663 619 1750 670 θή-

225 684 417 739 σανρόν,
463 681 515 739 ἣν
548 683 748 740 Ῥωμαῖοι
787 687 1007 727 καλοῦσιν
1033 682 1181 738 ”Ηραν
1213 684 1493 739 φωσφόρον,
1516 680 1630 737 ὑπὲρ
1661 686 1752 725 τῶν

225 754 547 807 γεννωμένων,
588 753 652 801 εἰς
682 752 730 795 δὲ
769 751 849 794 τὸν
880 755 959 806 τῆς
987 749 1250 805 Ἀφροδίτης
1288 750 1338 793 ἐν
1370 749 1496 793 ἄλσει
1527 752 1751 805 καθιδρυ-

224 821 373 875 μένης,
406 817 462 875 ἣν
493 820 887 875 προσαγορεύουσι
919 820 1178 873 Λιβιτίνην,
1212 816 1327 873 ὑπὲρ
1359 822 1450 861 τῶν
1481 817 1751 873 ἀπογινομέ-

225 904 346 943 μων,
388 890 446 938 εἰς
486 888 536 929 δὲ
568 885 647 929 τὸν
683 891 761 942 τῆς
792 888 1017 942 Νεότητος
1047 885 1163 941 ὑπὲρ
1202 888 1293 928 τῶν
1324 888 1384 936 εἰς
1415 884 1585 940 ἄνδρας
1615 884 1750 941 ἄρχο-

224 956 373 1011 μένων
405 958 664 998 συντελεῖν·
701 954 746 1005 έξ
778 949 843 997 ὦν
873 956 1037 1011 ἤμελλε
1059 954 1391 1008 διαγνώσεσθαι
1423 952 1530 996 καθ’
1563 954 1752 995 ἕκαστον

227 1022 451 1077 ἐνιαυτὸν,
485 1022 581 1065 ὅσοι
603 1039 649 1065 τε
680 1024 728 1065 οἱ
754 1024 1010 1078 σύμπαντες
1030 1014 1147 1076 ἦσαν
1179 1021 1251 1063 καὶ
1273 1023 1391 1071 τίνες
1423 1021 1468 1072 ε’ξ,
1490 1019 1640 1063 αὐτῶν
1670 1019 1752 1075 τὴν

226 1091 554 1146 στρατεύσιμον
588 1089 763 1146 ἡλικίαν
795 1088 931 1145 εἶχον.

341 1159 447 1201 15³².
487 1163 604 1201 Bion.
636 1163 733 1201 IIII
763 1160 785 1201 7
814 1157 936 1213 ’Έχει
967 1157 1016 1199 δὲ
1048 1157 1122 1199 καὶ
1162 1155 1299 1207 ἄλλας
1329 1155 1452 1207 τινας
1489 1157 1537 1199 τὸ
1570 1158 1752 1210 πρᾶγμα

227 1230 440 1281 (hamam
478 1236 515 1268 ee
552 1231 718 1269 Lucium
763 1230 1005 1279 Tarquinios
1047 1230 1151 1275 fileos
1193 1230 1322 1268 Prisci
1354 1227 1511 1281 fuisse)
1550 1223 1751 1278 ἀτοπίας,

225 1293 276 1344 (ἲς
298 1294 492 1345 α’παντες
512 1292 744 1350 ἠ’γνόησαν
766 1310 805 1336 οι
835 1311 887 1336 τα
912 1291 1129 1349 Ῥωμαϊκα
1153 1292 1477 1348 συνταξάμενοι
1499 1290 1616 1347 πλὴν
1638 1291 1749 1344 ἑνός,

224 1363 279 1404 οὑ
311 1378 422 1404 κατα
451 1361 614 1417 μικρὸν
646 1361 733 1417 ε’ρῶ
765 1359 978 1416 τοῦνομα.
1026 1358 1306 1442 ὡμολόγηται
1334 1360 1420 1415 γὰρ
1453 1359 1518 1403 ὅτι
1548 1359 1622 1401 καὶ
1642 1375 1750 1415 μετα

224 1428 305 1485 τὴν
342 1432 599 1484 Ταρκυνίου
630 1429 845 1485 τελευτὴν
874 1429 1151 1484 παραλαβών
1180 1428 1263 1484 τὴν
1293 1430 1527 1483 βασιλειαν
1564 1427 1752 1476 Τύλλιος

225 1604 269 1635 iis
295 1603 410 1636 sacris
436 1613 473 1634 se
500 1602 708 1642 abdidisse3
734 1602 796 1634 sed
822 1613 894 1634 non
919 1602 987 1634 rite
1014 1602 1142 1634 initum
1168 1606 1233 1634 aut
1251 1604 1417 1634 curatum
1442 1601 1480 1633 id
1499 1611 1639 1633 sacrum
1658 1610 1750 1642 esse,

224 1660 292 1680 nee
319 1648 433 1681 solum
460 1648 597 1680 nullam
623 1649 656 1680 ei
689 1647 845 1680 oblatam
872 1648 1087 1680 caelestium
1113 1648 1292 1689 speciem,
1324 1647 1388 1679 sed
1412 1648 1468 1679 ira
1492 1646 1592 1678 Iouis
1617 1646 1751 1678 sollici-

225 1694 294 1726 tati
327 1704 441 1735 praua
472 1693 649 1735 religione
674 1693 824 1725 fulmine
851 1693 962 1726 ictum
988 1703 1065 1724 cum
1094 1693 1197 1725 domo
1224 1693 1483 1734 conflagrasse.
1517 1691 1578 1732 (em
1602 1702 1641 1724 eo
1672 1692 1748 1725 Val.

227 1740 325 1771 Ματ
359 1739 560 1776 Vlllll2,
589 1739 816 1771 1.Se1u.ad
839 1742 899 1772 ecl.
933 1739 987 1770 VI
1011 1739 1054 1769 42
1080 1742 1112 1769 et
1135 1739 1286 1778 fortaese
1316 1739 1431 1771 Aurel.
1462 1738 1550 1769 Vicmt
1577 1739 1618 1769 de
1644 1749 1676 1769 1ι.
1702 1738 1751 1770 ill.

223 1786 255 1823 4,
281 1784 335 1823 4.)
368 1785 495 1815 Similia
523 1784 600 1824 fere
632 1784 730 1816 habel
757 1785 854 1817 Dion.
880 1784 948 1815 III
973 1786 1015 1816 35
1048 1780 1111 1824 ε’τη
1137 1779 1179 1815 δε
1212 1778 1412 1825 κατασχών
1439 1777 1508 1824 τὴν
1533 1777 1655 1824 οἷρχήυ
1680 1776 1751 1814 δύο

225 1828 289 1861 καὶ
310 1824 532 1880 τριάκοντα
540 1828 699 1871 τελευτᾷ
726 1823 791 1861 τὸν
809 1828 903 1883 βιόν
929 1823 1213 1880 ἐμπρησθείσης
1239 1827 1305 1870 τῆς
1330 1826 1473 1878 οἰκίας,
1499 1839 1563 1860 και
1590 1825 1657 1860 σὺν
1685 1822 1751 1860 αὐ-

227 1872 275 1919 τῷ
307 1868 405 1916 γυνή
437 1884 475 1906 τε
509 1863 723 1905 ἀπόλλυται
755 1871 821 1906 καὶ
852 1871 967 1906 τέκνα
997 1871 1061 1905 καὶ
1089 1868 1107 1906 ὸ
1134 1867 1249 1912 ἄλλος
1280 1868 1469 1911 οἰκετικὸς
1501 1866 1615 1927 ὄχλος
1634 1883 1750 1904 κατα

227 1910 395 1961 ληφθεὶς
427 1913 502 1951 ὑπὸ
534 1917 601 1951 τοῦ
632 1913 765 1960 πυρός.
812 1917 1138 1961 καταπρησθῆναι
1171 1915 1214 1951 δὲ
1247 1913 1318 1969 τὴν
1348 1915 1477 1950 οἰκίαν
1509 1914 1548 1950 οἷ
1576 1914 1646 1959 μὲν
1676 1911 1750 1950 ὑπὸ

226 1963 422 2019 κεραυνῶν
450 1960 599 2018 λέγουσι
636 1963 878 2014 μηνίσαντος
906 1963 973 1996 τοῦ
1011 1962 1110 1996 θεοῦ
1148 1958 1203 1996 δι’
1236 1957 1440 2013 ὀλιγωρίαν
1477 1959 1586 2005 ιερῶν
1624 1973 1749 1997 τινων.

227 2005 399 2042 ἐκλιπεῖν
424 2004 496 2051 γὰρ
522 2003 584 2041 ἐπὶ
609 2008 683 2062 τῆς
702 2007 819 2051 αρχῆς
838 2020 920 2061 της
930 2004 1080 2041 ἐκείνου
1105 2008 1288 2050 πατρίους
1306 2019 1415 2045 τινας
1439 2007 1594 2046 θυσιᾝας
1621 2002 1751 2049 ἑτέρας

226 2050 265 2087 δ’
292 2048 361 2097 οὐχ
389 2049 634 2096 ὑπαρχούσας
666 2048 894 2096 ἐπιχωρίους
913 2049 1114 2095 εῬωμαιοις
1146 2056 1387 2095 παραγαγεῖν
1413 2052 1497 2094 (cum
1522 2064 1560 2084 eo
1586 2054 1751 2085 consentit

228 2101 383 2133 Zonaras
406 2100 484 2131 VII
509 2101 528 2131 6
552 2110 587 2140 p.
604 2097 671 2140 24).
706 2099 777 2138 (lua
801 2110 839 2131 7e
866 2100 1032 2131 adductus
1057 2099 1180 2130 Tulliae
1206 2099 1334 2130 Numae
1359 2098 1460 2130 [ἰὼ-,ος
1485 2099 1639 2138 noluerit,
1667 2099 1748 2130 1)ίο-

226 2147 341 2187 nysius*
370 2150 491 2196 postea
523 2145 651 2176 Ancum
677 2129 843 2176 sisar-cizan
874 2148 1098 2185 eaeponentem
1123 2143 1209 2183 (ΙΙΙ
1232 2144 1290 2193 36)
1320 2144 1425 2184 facit:
1456 2138 1515 2175 ότι
1549 2153 1660 2195 παρα
1678 2139 1749 2185 τὴν

226 2190 299 2222 τῶν
331 2190 436 2223 θεῶν
466 2184 675 2241 ὀλιγωρίαν
702 2185 807 2221 νόσοι
838 2200 877 2222 τε
910 2187 1080 2239 λοιμικαὶ
1106 2186 1187 2231 [καὶ
1198 2183 1367 2238 βλάβαι]
1397 2186 1536 2221 πολλαὶ
1567 2184 1748 2242 κατέσκη-

229 2243 306 2275 ψαν
334 2233 387 2274 εἰς
413 2234 483 2288 τὴν
507 2231 632 2276 πόλιν,
658 2229 729 2277 ὑφ’
756 2226 808 2267 ὧν
833 2229 989 2286 ε’φθαρη
1015 2245 1141 2287 μοιρα
1150 2231 1216 2266 τοῦ
1241 2228 1417 2275 πλήθους
1441 2227 1510 2266 οὐκ
1533 2229 1658 2285 ὀλίγη,
1684 2230 1749 2265 καὶ

226 2276 403 2335 βασιλεὺς
429 2276 618 2318 Οστίλιος
649 2277 667 2312 ὁ
700 2277 750 2331 μὴ
782 2276 1011 2331 ποιούμενος
1044 2275 1171 2311 αὐτων
1202 2274 1251 2321 ἣν
1283 2276 1362 2312 ε’δει
1390 2273 1568 2333 φυλακὴν
1594 2289 1750 2327 καμνων

227 2322 287 2360 ἐπὶ
313 2321 479 2364 πολλοὺς
504 2320 662 2378 χρόνους
687 2321 727 2357 τὸ
754 2322 859 2375 σῷμα
884 2321 1031 2357 πάθεσι
1055 2324 1322 2375 π,αντοδαποις
1353 2322 1418 2357 καὶ
1445 2318 1536 2357 οὐδὲ
1560 2335 1629 2373 της
1645 2334 1746 2374 γνω-

226 2383 298 2423 μης
324 2368 379 2404 ε”τι
385 2370 470 2423 τῆς
495 2380 615 2404 αυτου
641 2365 822 2412 καρτερὸς
849 2366 1042 2423 διαμένων
1067 2363 1168 2421 αλλα,
1189 2367 1503 2422 συνδιαφθαρεὶς
1528 2381 1586 2419 τῳ
1604 2363 1748 2422 σώματι

227 2414 293 2454 τὰς
320 2427 464 2459 φρενας
490 2413 643 2455 οἰκτρᾶς
668 2414 934 2458 καταστροφῆς
960 2411 1093 2457 ἔτυχεν
1120 2409 1234 2454 αὐτός
1260 2425 1299 2447 τε
1325 2413 1390 2447 καὶ
1415 2411 1524 2457 γένος
1549 2404 1590 2447 τὸ
1617 2408 1657 2454 ἐξ
1683 2407 1747 2445 αὐ-

227 2461 292 2495 τοῦ
318 2462 377 2501 (=
404 2462 491 2496 Plnt
517 2462 612 2493 Ᾱ1.ι11ι
640 2461 712 2502 22)

315 2505 379 2540 15.
413 2507 552 2539 Ceteros
586 2506 742 2547 Dionysii
769 2507 874 2546 locos,
902 2505 1018 2547 quibus
1043 2505 1084 2537 ab
1109 2507 1226 2537 eadem
1249 2506 1418 2537 sententia
1441 2509 1521 2546 scal,
1547 2505 1615 2536 uid.
1641 2514 1748 2545 supra

224 2564 260 2593 p.
291 2551 589 2584 CLXXXXVII.
627 2552 773 2583 eiusdem
796 2551 946 2583 breuiter
969 2552 1166 2584 mentionem
1189 2552 1377 2584 iniecerunt
1402 2551 1518 2582 Liuius
1546 2549 1563 2581 I
1589 2550 1642 2589 46,
1669 2549 1690 2580 4
1715 2553 1748 2580 ει

229 2599 316 2630 ΡΙιιί.
344 2598 474 2637 Poplic.
502 2598 554 2632 14,

344 2741 423 2793 14,
456 2748 492 2781 8.
533 2748 600 2794 τῆς
628 2750 717 2793 post
750 2739 984 2793 Ἀφροδίτης
1024 2747 1109 2781 add.
1145 2745 1348 2793 Kiesslinq.
1523 2743 1559 2779 9.
1592 2738 1748 2791 βιτίνην

230 2803 326 2838 Clzis.
392 2799 611 2850 ναιβιτίνην
638 2804 794 2849 punctis
823 2813 941 2848 snper
976 2813 1036 2837 ναι
1067 2803 1205 2838 additis
1249 2802 1373 2838 Vrbin.

346 2853 416 2906 15,
451 2859 515 2895 17.
547 2854 612 2894 καὶ
642 2859 729 2895 add.
775 2859 937 2896 Vrbinas

1771 909 1800 933 10

1773 1245 1803 1269 15
