1884 3213
648 151 686 182 C.
714 150 926 183 LICINIVS
952 150 1120 183 MACER
1374 162 1645 192 CCCXXXXHI

127 266 248 315 igitur
281 265 397 303 etiam
430 264 586 308 Cicero,
629 265 811 315 quaumis
849 265 1029 303 iul'ensus
1066 271 1170 304 esset
1209 267 1340 305 animo
1379 268 1419 304 in
1459 267 1646 312 Macrum,

127 344 201 370 non
233 332 359 381 potuit
391 344 557 382 negare,
599 344 749 370 summa
789 344 877 370 eum
910 344 1023 370 usum
1057 346 1143 372 esse
1176 335 1215 372 111
1248 333 1368 373 rebus
1400 333 1648 385 conligendis

88 449 92 453 .
126 405 163 438 et
194 398 464 450 conponendis
497 398 714 449 diligentia,
748 390 820 438 nec
842 401 1074 443 orationem,
1108 402 1179 439 etsi
1213 401 1452 440 Graecorum
1485 402 1648 440 artificia

124 472 255 518 spreta
288 464 480 518 essent¹),
522 468 627 505 omni
667 471 749 505 arte
787 472 853 505 aut
892 469 1134 506 ornamentis
1166 469 1354 507 caruisse.
1417 469 1520 520 quod
1554 481 1648 508 uero

126 536 163 573 in
196 535 361 572 historia
401 534 579 584 neglecta
620 533 741 573 Coelii
780 535 935 573 ratione
974 534 1176 573 scribendi
1216 535 1415 574 rhetorica
1456 537 1503 575 ad
1546 538 1647 576 anti-

125 613 290 652 quorum
329 602 620 653 simplicitatem
660 606 699 640 et
735 602 981 641 ieiunitatem
1029 602 1166 651 rediit,
1214 604 1349 641 nescio
1388 616 1435 642 311
1482 605 1648 643 consilio

123 671 269 708 sactum
301 671 372 720 sit⁷
407 674 449 707 ut
479 682 557 707 nou
578 669 705 708 solum
736 681 800 707 res
831 682 876 708 ex
909 671 1194 721 antiquissimis
1216 670 1445 710 auctoribus
1476 678 1650 711 sumeret

123 737 191 776 sed
223 738 340 775 etiam
371 748 506 775 eorum
539 737 795 787 scriptionem
828 737 1067 775 imitaretur.
1117 737 1189 776 hoc
1220 742 1353 776 tamen
1385 751 1476 778 suae
1508 742 1649 778 aetatis

123 805 310 844 historiae
341 805 583 843 concessisse
622 804 800 849 uidetur,
843 809 884 843 ut
923 805 1122 843 orationes
1161 818 1181 843 a
1222 818 1261 844 se
1294 807 1405 845 fictas
1437 808 1646 847 insereret.

121 874 160 911 in
193 872 355 924 quibus,
389 884 476 910 cum
507 872 593 910 sieri
626 884 703 910 non
736 873 911 923 potuerit
933 873 1029 924 quin
1061 872 1212 918 Macer,
1247 878 1381 925 utpote
1404 873 1511 925 plebi
1546 879 1648 913 totus

122 940 299 984 deditus,
333 938 380 978 ab
412 939 474 978 his
503 939 684 991 partibus
715 944 857 984 staret,
892 952 968 978 non
1001 945 1060 979 est
1091 942 1236 979 mirum
1269 941 1372 992 quod
1402 942 1555 980 Atticus
1586 943 1647 981 uel

122 1009 258 1047 Cicero
290 1008 462 1057 ineptam
486 1007 696 1046 elationem
720 1019 989 1059 summamque
1012 1007 1284 1058 inpudentiam
1308 1011 1344 1047 ei
1376 1009 1648 1059 exprobrauit.

123 1076 202 1113 noli
235 1075 338 1113 enim
370 1086 458 1112 cum
491 1073 716 1113 Weicherto
747 1088 784 1126 p.
819 1072 873 1114 95
905 1088 961 1125 sq.
995 1075 1169 1124 opinari,
1207 1076 1273 1114 illo
1304 1076 1390 1115 loco
1422 1077 1470 1115 (16
1502 1079 1647 1116 oratio-

122 1142 238 1182 nibus
269 1155 289 1180 a
321 1141 471 1180 Licinio
502 1143 543 1180 in
575 1143 703 1180 causis
735 1141 906 1193 publicis
937 1143 1000 1181 uel
1030 1143 1208 1194 priuatis
1240 1145 1316 1192 agi.
1364 1156 1453 1182 nam
1487 1145 1534 1183 de
1567 1145 1647 1184 sola

122 1211 285 1249 historia
317 1208 490 1248 Romana
529 1209 597 1247 illo
636 1209 720 1247 loco
761 1210 936 1261 loquitur
968 1210 1108 1249 Cicero
1140 1223 1268 1262 neque
1302 1211 1370 1249 3111
1403 1211 1551 1251 iudicio
1585 1212 1648 1251 1116

121 1284 180 1317 est
220 1278 328 1316 locus
366 1289 481 1328 quam
520 1276 567 1314 de
607 1277 852 1316 orationihus
892 1290 991 1329 quae
1034 1278 1211 1317 historiis
1250 1280 1423 1317 insertae
1464 1281 1561 1324 sint,
1610 1279 1647 1317 id

121 1345 222 1397 quod
255 1346 400 1383 factum
433 1356 518 1381 esse
550 1344 740 1383 discimus
771 1358 816 1383 ex
849 1346 899 1384 sr.
930 1343 998 1384 20.
1030 1343 1097 1383 22.
1159 1357 1287 1395 neque
1318 1347 1485 1395 cogitari
1516 1352 1649 1398 potest

121 1414 195 1452 alia
227 1413 274 1451 de
315 1410 560 1450 orationibus
602 1424 621 1450 a
652 1412 805 1451 Licinio
844 1412 990 1451 habitis
1029 1412 1225 1452 iudicasse
1264 1414 1517 1459 Ciceronem,
1557 1427 1647 1453 cum

121 1481 167 1519 de
190 1480 306 1519 elaris
328 1478 567 1524 oratoribus,
592 1478 665 1518 alia
687 1492 777 1518 cum
800 1480 847 1518 de
869 1480 1024 1531 legibus
1046 1481 1254 1520 scriberet.
1287 1481 1401 1519 ualde
1424 1482 1528 1520 enim
1552 1482 1647 1521 hacc

122 1548 268 1587 iudicia
300 1548 403 1585 inter
435 1559 477 1584 se
509 1547 748 1597 discrepant.

233 1614 308 1653 Sed
350 1618 561 1665 utcumque
601 1615 647 1652 de
688 1626 834 1665 genere
873 1616 960 1654 eius
997 1616 1196 1655 scribendi
1239 1617 1527 1662 existimamus,
1574 1617 1645 1656 hac

120 1688 226 1721 certe
261 1694 301 1720 re
334 1680 574 1730 singularem
606 1683 710 1720 inter
742 1683 882 1721 aetatis
921 1695 1015 1721 suae
1056 1684 1272 1733 scriptores
1310 1683 1463 1723 obtinet
1502 1685 1644 1729 locum,

121 1750 222 1801 quod
256 1750 502 1800 antiquitatis
533 1749 675 1788 studiis
707 1755 788 1788 tum
821 1750 1166 1790 efflorescentibus
1205 1753 1399 1790 excitatus
1438 1765 1515 1790 non
1555 1754 1648 1791 satis

121 1817 259 1856 habuit
293 1822 450 1855 ueteres
483 1816 642 1855 annales
673 1818 931 1868 exscripsisse
962 1819 1031 1857 sed
1063 1820 1200 1863 etiam,
1246 1824 1287 1857 ut
1317 1824 1402 1858 erat
1433 1819 1550 1858 homo
1583 1820 1647 1859 uel

120 1886 310 1924 Cicerone
341 1889 440 1923 teste
472 1883 816 1934 diligentissimus,
859 1885 933 1923 alia
973 1886 1134 1938 antiqua
1179 1892 1434 1925 monumenta
1465 1887 1647 1937 indagata

120 1959 158 1991 et
190 1952 390 2003 explorata
423 1953 463 1989 in
503 1963 615 1990 usum
648 1964 761 1990 suum
795 1954 1007 1992 conuertit.
1068 1959 1111 1992 ut
1152 1949 1291 1993 foedus
1322 1955 1579 1993 Ardeatinum
1612 1968 1645 1993 a.

118 2017 214 2058 444.
245 2016 329 2058 310
365 2019 487 2058 ictum
526 2020 567 2057 in
606 2019 788 2058 manibus
824 2019 964 2059 habuit
996 2019 1058 2069 (fr.
1096 2019 1146 2060 13
1185 2033 1216 2059 6.
1251 2021 1356 2072 3(111.)
1398 2023 1645 2073 maximeque

120 2086 246 2125 libros
267 2086 457 2138 quosdam
479 2086 623 2125 linteos
647 2087 811 2126 multum
835 2087 1017 2127 adhibuit
1040 2094 1077 2127 et
1100 2087 1280 2128 laudauit
1303 2087 1363 2137 (l'r.
1386 2087 1448 2127 13.
1477 2086 1539 2127 14.
1566 2087 1643 2140 15).

120 2222 252 2261 ineptus
278 2221 370 2251 (latio
388 2219 510 2252 sanant}
530 2218 741 2262 inpudentia.
769 2221 863 2253 unde
891 2222 954 2253 alii
980 2222 1054 2254 alia
1082 2223 1296 2264 elicuerunt,
1322 2225 1362 2253 ut
1380 2222 1420 2255 A.
1440 2223 1499 2255 W.
1519 2224 1648 2264 Zumpt

119 2278 236 2308 mullus
261 2280 292 2307 et
323 2277 455 2316 ineptus
488 2282 520 2308 et
552 2279 638 2309 adeo
669 2288 792 2309 summa
823 2280 1037 2319 inpudentia,
1071 2278 1174 2310 Bake
1206 2281 1324 2310 multas
1355 2283 1388 2310 et
1419 2279 1551 2319 ineptus
1581 2284 1645 2318 est,

119 2335 280 2364 clamator
303 2342 427 2363 simmia
450 2333 666 2373 inpudentia,
701 2333 913 2376 Nipperdey
939 2334 1072 2366 Philol.
1103 2335 1201 2365 1851.
1235 2335 1283 2366 VI
1310 2345 1343 2376 p.
1372 2336 1434 2366 137
1465 2337 1580 2374 multa,
1612 2336 1644 2365 in

120 2389 270 2429 epistulis
294 2389 412 2419 relatis
440 2399 563 2420 summa
593 2390 807 2429 inpudentia,
840 2389 949 2421 Halm
981 2392 1080 2422 multa
1112 2395 1188 2421 suat
1219 2391 1333 2431 inepta
1364 2401 1466 2432 usque
1491 2392 1538 2421 ad
1559 2401 1643 2422 sum-

119 2455 201 2475 mam
226 2445 463 2485 inpudentiam,
490 2444 621 2476 Pluess
646 2445 683 2476 111
699 2445 806 2477 Iahn.
834 2456 917 2479 ann.
940 2448 981 2478 99
1001 2457 1034 2488 p.
1053 2447 1119 2478 586
1144 2447 1178 2478 in
1203 2447 1411 2478 orationibus
1435 2452 1541 2477 autem
1566 2448 1643 2477 mul·

119 2506 171 2531 tas
195 2501 272 2531 inde
294 2500 570 2540 perturbationes
600 2497 742 2542 (hestiae
768 2502 931 2543 Asfeete).
980 2503 1142 2544 proxime
1168 2506 1290 2533 tamen
1320 2502 1534 2534 Mommseni
1559 2512 1642 2534 6011-

119 2556 260 2587 iectura
287 2555 333 2586 ad
359 2555 460 2587 codd.
488 2556 648 2597 uestigia
675 2557 849 2589 accedere
875 2557 1032 2591 uidetur.

212 2611 235 2651 ¹>
269 2611 329 2643 Sic
361 2611 456 2643 enim
486 2611 763 2652 interpretanda
794 2623 873 2645 esse
904 2615 1018 2646 uerba
1050 2625 1094 2646 eoe
1129 2615 1313 2645 librariolis
1343 2614 1478 2645 Latinis
1513 2624 1557 2645 ex
1590 2615 1642 2646 eis

120 2677 211 2709 quae
238 2667 462 2699 antecedunt
493 2668 584 2698 cuius
614 2668 801 2709 loquacitas
831 2669 929 2701 habet
960 2672 1087 2712 aliquid
1117 2672 1344 2711 argutiarum,
1377 2679 1437 2700 nec
1468 2670 1504 2701 id
1533 2674 1642 2702 tamen

120 2734 165 2755 ex
189 2724 248 2754 illa
273 2724 478 2755 eruditorum
506 2723 710 2754 Graecorum
735 2725 833 2765 eopia
860 2725 1054 2766 discimus,
1091 2725 1186 2756 unde
1220 2725 1263 2756 de
1290 2725 1499 2756 auctoribus
1526 2725 1571 2756 ab
1599 2736 1640 2757 eo

121 2778 313 2818 adhibitis,
346 2778 441 2820 quod
472 2778 667 2810 uoluerunt
690 2779 852 2821 Teuffel,
886 2781 1191 2822 Litteratmyesclz.
1219 2791 1253 2822 p.
1280 2781 1345 2812 206
1371 2784 1407 2812 et
1433 2780 1641 2823 Schwegler

121 2834 138 2867 Ι
164 2835 205 2867 93
232 2834 306 2876 (qui
331 2835 444 2867 uertit
469 2834 636 2867 librarioli
660 2834 998 2877 Becher-semanim),
1026 2836 1190 2878 cogitare
1215 2839 1393 2869 notamur.
