1884 3213
222 174 273 216 16
844 172 1143 213 RELMQVIAE

220 285 437 339 δεσπότης
475 284 703 339 χρεόμενος
734 283 895 340 δούλῳ.
961 286 1008 336 (C.
1045 284 1111 337 82)
1151 282 1287 326 Ταῦτ’
1321 282 1459 326 εἰπών
1499 285 1572 327 καὶ
1602 282 1748 326 πολὺν

218 356 394 409 θρῆνον
433 351 522 406 ἅμα
559 359 651 400 τοῖς
689 351 838 405 λόγοις
878 351 1204 407 καταχεάμενος
1247 350 1373 407 ἠξίου
1417 352 1612 407 τιμωρὸν
1656 360 1748 402 τοῖς

220 429 372 470 κακοῖς
403 418 542 462 αὐτοῦ
564 417 642 461 τὸν
667 417 834 475 Ῥῶμον
855 421 1082 473 γενέσθαι.
1123 416 1324 473 ἀσμένως
1345 419 1393 461 δὲ
1413 417 1747 475 ὑποδεξαμένου

220 488 299 531 τόν
330 488 467 542 λόγον
497 489 577 528 τοῦ
607 490 842 541 μειρακίου
874 486 947 528 καὶ
978 488 1115 529 πάλαι
1145 486 1319 529 τάττειν
1340 484 1479 529 αὐτὸν
1502 488 1574 530 ἐπὶ
1601 487 1651 529 τὸ
1672 489 1744 543 ε”ρ-

219 573 301 611 γον
339 555 571 606 ἀξιοῦντος
610 555 847 604 ἐπαινέσας
884 552 906 596 ὁ
947 554 1160 611 Νεμέτωρ
1204 553 1287 609 τὴν
1322 557 1585 610 προθυμίαν
1622 557 1778 610 ,,Τῆς5

219 625 302 680 μὲν
324 623 554 678 πράξεως“
587 624 672 677 ἔφη
705 621 816 675 ,,τόν
838 621 997 678 καιρὸν
1020 620 1106 676 ε’γῶ
1137 622 1444 678 ταμιεύσομαι,
1478 621 1535 664 σύ
1565 622 1613 665 δὲ
1643 623 1749 672 τέως

220 687 331 744 πρὸς
368 689 448 733 τὸν
485 688 684 744 ἀδελφὸν
722 688 978 746 άπόῤῥητον
1020 688 1159 732 ἅπασι
1203 697 1295 740 τοῖς
1339 688 1493 740 ἄλλοις
1536 688 1748 745 ἀγγελίαν

221 760 411 814 πέμψον,
431 757 498 800 ὅτι
519 757 634 812 σώζῃ
655 773 701 799 τε
724 760 875 812 δηλῶν
897 759 967 799 καὶ
992 758 1236 812 διαταχέων
1258 756 1397 800 αὐτὸν
1418 757 1544 813 «ἥκειν
1565 756 1746 809 ἆξιῶνίί.

223 828 272 869 ἐκ
305 826 353 868 δὲ
384 826 546 867 τούτου
569 825 790 879 πέμπεταί
816 842 880 875 τις
912 823 1179 880 ε’ξευρεθεὶς,
1213 823 1260 876 ὂς
1283 825 1430 868 ἐδόκει
1450 823 1748 881 ὑπηρετήσειν

223 896 295 936 καὶ
328 892 581 948 περιτυχών
604 892 658 934 οὐ
690 893 843 947 πρόσω
875 897 951 948 τῆς
982 893 1153 942 πόλεως
1184 892 1280 935 ὄντι
1306 884 1512 950 Ῥωμύλῳ
1535 894 1746 948 διασαφεῖ
1762 918 1794 941 10

221 961 299 1011 τὰς
343 961 572 1015 ἀγγελίας·
622 959 644 1002 ὁ
692 961 738 1002 δὲ
785 959 1026 1015 περιχαρὴς
1070 961 1310 1016 γενόμενος
1355 963 1527 1016 ἔρχεται
1573 961 1750 1016 σπουδῇ

223 1028 335 1084 πρὸς
371 1029 598 1084 Νεμέτορα
631 1029 703 1070 καὶ
735 1029 1024 1083 περιπλακεὶς
1055 1027 1225 1083 άμφοῖν
1256 1027 1491 1081 ἀσπάζεται
1522 1029 1604 1084 μὲν
1625 1031 1747 1083 πρῶ-

222 1114 316 1151 τον,
349 1098 498 1138 ἔπειτα
531 1097 686 1151 φράζει
719 1094 797 1151 τὴν
831 1097 1015 1137 ἔκθεσιν
1044 1099 1175 1150 σφῶν
1206 1097 1279 1138 καὶ
1309 1095 1484 1152 τροφὴν
1505 1098 1580 1138 καὶ
1609 1089 1749 1138 τᾶλλα

222 1163 303 1207 ὅσα
334 1162 454 1217 παρὰ
483 1167 564 1205 τοῦ
598 1163 856 1205 Φαιστύλου
890 1163 1097 1205 ἐπύθετο.
1159 1171 1251 1213 τοῖς
1289 1164 1337 1206 δὲ
1374 1164 1666 1220 βουλομένοις
1702 1180 1750 1206 τε

222 1233 296 1274 καὶ
335 1230 389 1274 οὐ
427 1234 608 1273 πολλῶν
645 1232 720 1272 ἵνα
758 1232 1047 1272 πιστεύσειαν
1084 1234 1335 1286 τεκμηρίων
1374 1231 1601 1287 δεομένοις
1638 1230 1744 1274 καθ’
1764 1254 1795 1279 15

222 1299 387 1355 ἡδονὰς
417 1298 466 1341 τὸ
499 1299 742 1354 λεγόμενον
772 1292 842 1353 ἦν.
903 1298 998 1340 ἐπεὶ
1030 1299 1078 1341 δὲ
1116 1297 1378 1353 ἀνέγνωσαν
1415 1298 1637 1354 ἀλλήλους
1667 1298 1749 1341 αὐ-

221 1370 321 1409 τίκα
369 1367 691 1409 συνετάττοντο
738 1368 811 1409 καί
858 1366 1131 1408 διεσκόπουν
1184 1366 1305 1417 ὅστις
1349 1369 1472 1410 ἔσται
1515 1367 1678 1422 τρόπος
1722 1363 1750 1422 ἢ

222 1434 375 1489 καιρὸς
406 1436 467 1484 εἰς
496 1433 577 1489 τὴν
611 1435 817 1476 ἐπίθεσιν
849 1434 1109 1489 ἐπιτήδειος.

331 1503 402 1545 Ἐν
434 1497 467 1559 ᾦ
497 1503 547 1544 δὲ
578 1496 703 1545 οὗτοι
734 1502 834 1557 περὶ
866 1504 1005 1543 ταῦτα
1032 1496 1163 1557 ἦσαν,
1197 1500 1220 1544 ὁ
1248 1502 1499 1552 Φαιστύλος
1533 1502 1748 1556 ἀπάγεται

223 1570 335 1625 πρὸς
362 1571 584 1625 Ἀμόλιον.
648 1568 862 1619 δεδοικώς
891 1568 978 1624 γάρ
1009 1568 1066 1624 μή
1099 1567 1154 1611 οὐ
1193 1567 1328 1612 πιστὰ
1366 1570 1474 1625 δόξῃ
1505 1572 1565 1627 τῷ
1598 1570 1741 1625 Νεμέ-
1760 1594 1794 1618 20

222 1654 320 1692 τορι
359 1638 505 1692 λέγειν
552 1635 573 1678 ὁ
611 1636 852 1691 Ῥωμύλοςἢ
899 1637 1011 1679 ἄνευ
1055 1639 1250 1691 σημείων
1294 1637 1509 1692 ἐμφανῶν
1551 1637 1748 1692 μεγάλου

225 1705 475 1761 πράγματος
504 1703 702 1759 μηνυτὴς
742 1706 996 1760 γενόμενος,
1042 1704 1091 1746 τό
1137 1704 1368 1760 γνώρισμα
1414 1707 1490 1760 τῆς
1530 1705 1750 1754 ἐκθέσεως

224 1776 314 1815 τῶν
345 1776 528 1827 βρεφῶν
559 1771 640 1827 τὴν
672 1772 852 1827 σκάφην
884 1771 1124 1827 ἀναλαβών
1154 1771 1308 1826 ὀλίγον
1338 1771 1530 1827 ὕστερον
1562 1773 1748 1815 ἐδίωκεν

224 1933 289 1967 καὶ
314 1935 446 1983 θιγεῖν
472 1926 531 1966 ἐπ’
560 1927 687 1965 ε’λπιδι
696 1930 937 1984 βεβαιοτέρα
963 1930 1034 1965 τῶν
1060 1931 1202 1966 τέκνων
1225 1928 1467 1986 ποθήσασαν.
1518 1926 1609 1988 ὅπερ
1627 1923 1696 1966 οὖν
1713 1929 1752 1965 οἷ

224 1973 497 2021 ταραττόμενοι
522 1976 587 2010 καὶ
611 1989 704 2020 μετα
733 1977 774 2009 δέ
761 1989 843 2016 ους
868 1972 892 2020 η’
907 1975 1009 2031 πρὸς
1036 1972 1152 2021 ὀργὴν
1167 1975 1427 2031 πράττοντες
1424 1974 1556 2011 ὁτιοῦν
1574 1973 1748 2029 ἐπιεικῷς

224 2022 409 2072 πάσχουσι
435 2021 616 2055 συνέπεσε
642 2024 790 2055 παθειν
815 2018 881 2055 τὸν
907 2019 1111 2077 Ἀμούλιον.
1157 2017 1282 2065 ἄνδρα
1308 2035 1378 2065 γαρ
1404 2018 1498 2067 αλλῃ
1522 2034 1561 2056 τε
1585 2018 1748 2073 χρηστὸν

224 2068 289 2102 καὶ
316 2080 382 2102 του
411 2062 634 2118 Νομητορος
661 2068 793 2123 φιλον
800 2063 873 2100 ὑπὸ
901 2066 1070 2119 σπουδῆς
1098 2065 1245 2119 ἔπεμψε
1271 2060 1543 2101 διαπυθέσθαι
1575 2079 1642 2101 του
1670 2068 1746 2100 Νο-

225 2113 387 2157 μήτορος
413 2108 609 2152 κελεύσας,
638 2113 751 2151 εἴτις
778 2107 863 2155 ήκει
896 2109 1004 2164 λόγος
1039 2110 1094 2151 εἰς
1127 2108 1248 2145 αὐτὸν
1278 2109 1377 2168 ὑπερ
1409 2112 1484 2145 τῶν
1514 2112 1667 2145 παίδων
1699 2108 1748 2151 ὡς

224 2156 543 2211 περιγενομένων.
599 2152 835 2212 ἀφικόμενος
871 2150 940 2190 οὖν
977 2170 996 2190 ο
1035 2152 1242 2209 ἅνθρωπος
1277 2156 1342 2190 καὶ
1378 2152 1622 2201 θεασάμενος
1658 2151 1746 2191 όσον

227 2199 331 2238 οόπω
357 2216 423 2237 τον
439 2199 585 2260 Ρώμον
608 2198 648 2236 ἐν
655 2202 896 2257 περιβολαις
919 2202 984 2235 καὶ
1011 2199 1315 2245 φιλοφροσύναις
1332 2202 1398 2236 τοῦ
1417 2202 1653 2255 Νομήτορος,
1678 2198 1748 2246 τήν

226 2262 265 2283 τε
297 2249 424 2282 πίστιν
456 2246 616 2299 ἰσχυρὰν
647 2243 800 2298 ἐποίησε
835 2247 901 2290 τῆς
932 2243 1090 2286 ε’λπιδος
1119 2247 1183 2280 καὶ
1215 2243 1518 2300 παρεκελεύσατο
1550 2249 1624 2282 τῶν
1653 2259 1747 2301 πρα-

225 2292 383 2345 γμάτων
414 2289 530 2334 ὀξέως
567 2288 922 2336 ἀντιλαμβάνεσθαι
953 2291 1018 2325 καὶ
1045 2291 1180 2344 συνῆν
1190 2292 1306 2331 αὐτὸς
1330 2291 1407 2346 [sic
1424 2294 1584 2326 S'intenz‘s.
1616 2289 1748 2331 αυτοῖς

225 2339 333 2382 aalys
362 2334 435 2391 ἤδη
461 2338 527 2371 καὶ
553 2337 826 2392 συνέπραττεν.
868 2338 900 2378 Q
925 2335 968 2370 δε
988 2335 1118 2380 καιρὸς
1136 2332 1225 2371 ουδε
1244 2335 1490 2389 βουλομένοις
1505 2335 1636 2372 ὁκνειν
1652 2349 1747 2391 παρ-

227 2388 341 2428 εῖχεν.
390 2379 409 2417 ὁ
436 2379 506 2427 γάρ
526 2379 715 2426 Ρωμύλος
742 2378 850 2425 ἐγγυς
875 2380 923 2425 ἡν
948 2377 1024 2425 ἤδη
1049 2381 1114 2415 καὶ
1140 2379 1235 2425 πρὸς
1259 2377 1378 2416 αὐτὸν
1404 2378 1566 2424 ἐξέθεον
1581 2379 1650 2417 οὐκ
1668 2378 1748 2417 ὀλί-

342 2522 377 2558 2.
411 2523 446 2559 3.
478 2523 557 2566 τοῖς
587 2518 793 2565 κατοίκους
823 2515 946 2557 αὐτοῦ
977 2524 1110 2557 omisso
1140 2523 1276 2566 κακοῖς
1317 2522 1443 2558 Vrbin.
1503 2522 1581 2566 τοῖς
1611 2522 1747 2566 κακοῖς

227 2575 354 2616 αὐτοῦ
375 2580 515 2616 Reislce
556 2579 634 2622 τοῖς
665 2572 751 2613 κατ’
785 2569 894 2613 οἶκον
924 2574 1067 2613 ἑαυτοῦ
1096 2579 1232 2622 κακοῖς
1262 2579 1455 2626 Kiesslmq
1589 2579 1625 2615 9.
1658 2583 1747 2614 ante

227 2628 489 2685 ὑπηρετήσειν
519 2635 692 2671 Memelce
729 2637 954 2681 suspwalur
992 2636 1230 2671 mcerciclz'sse
1267 2647 1324 2671 ευ.
1500 2634 1563 2670 14.
1595 2629 1744 2684 ὅσα]ἁ

238 2693 366 2729 thz'n.
546 2691 606 2727 14.
643 2691 702 2726 1).
712 2686 983 2744 βουλομένοις
1016 2702 1053 2726 τε
1084 2687 1150 2726 καὶ
1184 2696 1270 2737 post
1301 2686 1498 2738 δεομένοις
1530 2692 1746 2736 transpomt

231 2748 423 2795 Isiessliny
599 2746 1116 2794 16.11v‹mz.Clns.Vrb.
1263 2743 1559 2806 20.Αιμυ’λιον
1597 2747 1748 2782 Nicolaz'

232 2803 342 2841 Dum.
376 2806 499 2840 coclea:
634 2799 821 2852 Νομέτωρ
851 2813 1001 2849 sempe]
1032 2803 1115 2838 Νιο.
1137 2804 1247 2839 Dant.
1392 2803 1457 2838 21.
1488 2791 1508 2838 ὁ
1532 2795 1741 2851 Ρωμύλος]

230 2872 250 2895 ο
280 2855 499 2903 Φαιστύλος
530 2861 642 2907 ιιιιῖρο
701 2872 721 2895 ο
751 2855 981 2902 Φαυστύλος
1015 2859 1134 2895 Aia-ol.
1165 2871 1267 2895 corr.
1300 2859 1464 2908 Sylbury
