1884 3213
226 181 461 212 CCLXXVIH
579 171 643 202 DE
671 169 981 202 SCRIPTORVM
1007 168 1137 203 VITIS
1162 168 1224 202 ET
1250 168 1468 202 SCRIPTIS

337 286 512 323 Fuerunt
553 283 712 334 quidem
753 284 821 333 qui
863 295 950 321 cum
983 282 1182 322 I‘leerenio
1224 281 1284 332 (de
1317 284 1414 322 sont.
1448 282 1550 322 Plut.
1584 296 1620 334 p.
1658 281 1747 336 151)

225 354 374 391 sullam
408 364 634 390 sermone
667 352 835 401 patrio
870 363 983 388 usum
1016 363 1101 389 csse
1133 356 1345 402 negarent,
1379 351 1466 396 sed,
1500 364 1590 390 cum
1622 351 1749 390 Sallu-

224 423 322 459 stius
357 419 452 470 (lug.
487 416 560 463 95,
594 416 631 469 3
668 430 757 456 eum
791 418 936 456 litteris
967 418 1129 457 Graecis
1165 424 1281 470 atque
1313 418 1464 457 Latinis
1495 420 1604 458 iuxta
1635 424 1750 470 atque

224 489 451 526 doctissime
485 486 686 524 eruditum
720 487 841 524 fuisse
875 485 1041 531 dixerit,
1075 491 1192 537 atque
1225 487 1344 525 etiam
1366 486 1591 525 comoedias
1612 486 1751 525 Latino

223 568 405 594 ⁴sermone
439 551 726 605 condiderim,
769 566 847 591 non
879 553 1016 597 uideo,
1059 565 1130 592 cur
1162 555 1410 599 uersionem‚
1450 555 1496 593 de
1536 567 1612 605 qua
1652 554 1751 593 nihil

223 625 469 674 accepimus,
512 634 591 660 uon
624 623 730 671 ipsos
762 621 894 659 Sullae
927 623 1222 661 coumcntarios
1254 623 1501 673 inspexerint
1534 621 1683 661 Gellius
1715 627 1754 660 et

224 692 465 735 Priscianus,
500 703 590 729 cum
612 690 750 727 Latina
774 691 859 727 eius
891 688 1013 727 uerba
1037 690 1242 728 adferrent
1265 689 1327 740 (fr.
1350 687 1389 727 2.
1413 688 1451 728 3.
1475 687 1558 742 20).
1600 688 1755 728 accedit

225 762 342 798 ctiam
366 759 487 798 aliud.
522 758 591 797 ubi
615 759 720 796 enim
743 757 980 796 Plutarchus
1005 757 1051 796 de
1074 757 1219 796 Felicis
1242 759 1479 808 cognomine
1503 759 1581 807 agit
1605 755 1652 807 (c.
1669 755 1751 809 34),

224 828 319 866 haec
352 828 445 865 facit
468 825 610 865 uerba:
651 822 887 864 ἐκέλευσεν
910 820 1070 863 ἑαυτὸν
1102 822 1174 864 ἐπὶ
1205 821 1379 871 τούτοις
1410 818 1591 876 Εὐτυχῆ
1618 832 1753 876 προσ-

224 892 538 946 αγορεύεσθαι.
590 893 722 931 τοῦτο
755 888 839 944 γὰρ
879 886 901 931 ὁ
935 890 1076 943 Φῆλιξ
1107 890 1296 945 μάλιστα
1327 889 1538 944 βούλεται
1569 889 1752 943 δηλοῦν.

226 957 359 1008 αὐτὸς
391 959 438 1001 δὲ
471 964 560 1007 τοῖς
587 956 771 1011 ΓἘλλησι
799 956 989 1011 γράφων
1021 958 1095 998 καὶ
1126 960 1402 1012 χρηματίζων
1434 956 1595 999 ἑαυτὸν
1622 955 1755 997 Ἐπα-

224 1028 442 1081 φρόὸιτον
474 1024 740 1080 ἀνηγόρευε,
773 1033 890 1078 atque
913 1029 944 1065 si
969 1028 1117 1067 Graece
1141 1030 1405 1067 conmentarii
1436 1029 1577 1079 scripti
1610 1032 1753 1072 essent,

225 1099 286 1136 hic
321 1097 442 1136 crcdo
465 1096 700 1141 addidisset,
734 1097 853 1134 etiam
886 1097 924 1133 111
959 1097 1263 1141 conmentariis,
1298 1095 1444 1147 quibus
1479 1101 1598 1134 totam
1630 1108 1754 1147 paene

224 1166 357 1204 Sullae
392 1167 512 1203 uitam
546 1164 685 1209 debet,
723 1163 873 1202 Sullam
906 1176 946 1202 se
978 1165 1034 1201 sic
1068 1163 1300 1214 adpcllasse.

337 1234 738 1283 Inscriptionem
778 1232 904 1269 octies
936 1231 1174 1270 Plutarclnis
1214 1230 1277 1282 (fr.
1311 1229 1349 1270 8.
1388 1231 1452 1269 11.
1488 1228 1551 1269 12.
1588 1228 1652 1268 13.
1690 1228 1753 1269 16.

230 1300 291 1340 17.
320 1299 386 1353 21)
421 1295 717 1351 ὑπομνήματα
750 1299 866 1343 dicit,
901 1299 1040 1338 Cicero
1074 1300 1135 1349 (sr.
1159 1296 1197 1351 9)
1233 1299 1461 1343 historiam3
1494 1298 1645 1338 Gellius
1677 1300 1755 1337 ‘re-

227 1382 313 1408 rum
346 1374 547 1419 gestarum
579 1367 727 1406 librum
760 1367 1003 1405 secundum'
1037 1366 1099 1405 bis
1132 1368 1193 1416 (fr.
1227 1364 1265 1405 2.
1299 1365 1338 1419 3)
1373 1368 1486 1411 citat,
1527 1366 1756 1405 Priscianus

232 1439 289 1483 ir.
323 1434 390 1489 20)
434 1437 669 1475 uicesimum
710 1436 886 1486 primum
928 1437 1087 1473 ‘rerum
1126 1437 1326 1479 suarum’,
1374 1434 1614 1486 quibuscum
1661 1446 1755 1472 con·

227 1507 344 1543 sentit
379 1518 456 1543 uno
489 1504 576 1542 loco
599 1502 838 1541 Plutarchus
872 1504 933 1552 (fr.
962 1501 1016 1552 ]):
1052 1498 1126 1540 καὶ
1150 1499 1331 1548 Σύλλας
1361 1497 1438 1549 τὰς
1463 1497 1624 1540 ἑαυτοῦ
1647 1498 1755 1553 πρά-

227 1571 313 1620 ξεις
343 1567 620 1622 ἀναγράφων
654 1568 811 1622 ἐκείνῳ
843 1566 1213 1622 προσεφώνησεν.
1277 1570 1382 1609 unde
1417 1569 1611 1620 (neglecta
1644 1570 1755 1608 Cice-

227 1641 337 1678 ronis
369 1640 632 1689 inscriptione
673 1643 713 1676 ut
758 1650 899 1688 parum
931 1637 1131 1690 adcurataj
1168 1651 1255 1676 cum
1297 1638 1427 1688 aliqua
1460 1636 1756 1688 probabilitatis

227 1709 358 1759 specie
391 1706 517 1746 libros
556 1707 769 1756 inscriptos
800 1706 924 1744 fuisse
966 1706 1141 1744 eflicitur
1179 1706 1554 1744 commentarios
1591 1714 1757 1744 rerum

224 1771 539 1826 qeslceru7n.2)

340 1843 401 1881 De
434 1842 651 1881 consilio
675 1848 805 1880 autem
838 1847 883 1879 et
913 1842 1136 1885 ratione,
1171 1853 1245 1892 qua
1269 1841 1411 1879 ductus
1434 1840 1542 1879 Sulla
1566 1852 1753 1879 conmen-

229 1913 419 1950 tariorum
453 1910 578 1948 libros
611 1911 754 1960 uiginti
787 1914 824 1947 et
857 1908 954 1947 duos
977 1911 1203 1959 scripserit,
1237 1920 1474 1960 quamquam
1505 1909 1581 1946 iam
1607 1920 1651 1946 ex
1684 1909 1754 1953 eis,

229 1993 327 2030 quae
361 1978 434 2017 sub
467 1979 593 2029 ipsius
616 1979 774 2016 nomine
808 1977 949 2015 tradita
975 1983 1085 2021 sunt,
1120 1982 1273 2015 certum
1298 1972 1622 2015 iiulicium‘ferre
1646 1975 1753 2020 licet,

231 2055 359 2086 tamen
394 2052 433 2085 ut
466 2047 678 2096 imaginem
711 2057 847 2083 corum
872 2057 1097 2096 expressam
1120 2046 1341 2096 piligamus,
1375 2057 1395 2082 e
1426 2056 1468 2082 re
1501 2044 1578 2082 erit
1607 2044 1646 2082 in
1668 2044 1756 2094 qui-

231 2114 396 2153 busdam
429 2113 550 2152 rebus
583 2114 699 2152 etiam
735 2114 907 2151 uitarum
945 2113 1077 2151 Sullae
1117 2117 1156 2150 et
1186 2112 1299 2150 Marii
1331 2111 1657 2150 Plutarchearum
1697 2123 1755 2148 ra-

231 2185 378 2221 tionem
419 2181 580 2220 habere.
620 2183 683 2219 'in
724 2180 789 2218 illa
822 2182 927 2218 enim
961 2194 980 2218 a
1012 2182 1141 2231 capite
1174 2180 1292 2217 tertio
1336 2191 1407 2229 pcr
1438 2183 1591 2230 partem
1632 2178 1756 2217 multo

231 2253 420 2289 maiorem
454 2262 575 2300 prope
610 2254 734 2287 totum
767 2260 806 2286 se
839 2247 988 2286 addixit
1019 2246 1257 2286 Plutarchus
1289 2246 1424 2285 Sullae
1456 2247 1755 2290 Conmentariis,

230 2330 328 2369 quos
361 2317 574 2356 identidem
609 2317 754 2354 diserte
787 2315 986 2360 laudauit,
1029 2318 1079 2353 ita
1115 2321 1150 2353 ut
1186 2327 1259 2366 pro
1293 2327 1402 2354 inore
1443 2327 1514 2353 suo
1553 2319 1756 2353 auctorem

231 2391 483 2436 excerperet,
526 2384 679 2423 fabulas
711 2390 827 2435 atque
861 2383 1180 2421 narratiunculas
1212 2384 1296 2422 sere
1329 2384 1504 2433 integras
1537 2384 1576 2420 in
1608 2380 1756 2420 librum

323 2530 346 2573 ¹)
372 2531 503 2563 Athen.
530 2529 579 2563 VI
606 2540 638 2571 p.
664 2530 752 2561 ‘2610
779 2523 972 2566 Νικόλαος
999 2521 1036 2560 6
1065 2523 1105 2560 ἐν
1132 2524 1175 2571 τῇ
1203 2522 1346 2571 ἕβδόμῃ
1378 2525 1443 2560 καὶ
1470 2522 1654 2570 ἕκατοστῃ
1681 2525 1757 2560 τῶν

232 2584 404 2629 ἷστοριῶν
437 2583 592 2619 Σύλλαν
624 2583 717 2627 φησι
756 2579 823 2617 τὸν
850 2579 1043 2626 Ρωμαίων
1077 2578 1287 2626 στρατηγὸν
1319 2577 1415 2618 οὕτω
1447 2583 1598 2647 χαίρειν
1628 2583 1757 2626 μίμοις

232 2642 296 2676 καὶ
322 2644 590 2685 γελωτοποιοῖς
616 2638 826 2684 φιλογέλων
852 2636 1071 2683 γενόμενον,
1099 2634 1146 2678 ὡς
1173 2638 1237 2673 καὶ
1262 2636 1382 2673 πολλοὶ
1400 2639 1468 2683 γῆς
1484 2636 1605 2682 μέτρα
1623 2641 1757 2677 αυτοις

233 2699 457 2742 χαρίζεσθαι
484 2698 550 2742 τῆς
576 2699 775 2742 δημοσίας.
812 2692 1060 2740 ἐμφανίζουσι
1088 2690 1127 2728 6’
1155 2691 1273 2730 αὐτοῦ
1300 2693 1341 2729 τὸ
1366 2694 1452 2738 περὶ
1478 2694 1599 2729 ταῦτα
1626 2690 1758 2736 ἱλαρὰν

235 2753 276 2788 αἱ
300 2750 364 2789 ὑπ’
394 2751 513 2788 αὐτοῦ
538 2758 746 2798 γραφεῖσαι
772 2751 972 2796 σατυρικαὶ
997 2752 1195 2796 κωμῳδίαι
1220 2748 1261 2787 ἕν
1285 2752 1431 2796 πατρίῳ
1458 2750 1579 2794 φωνῇ,

324 2811 350 2851 2‘)
387 2812 432 2843 cf.
464 2811 582 2845 Cicer.
615 2812 651 2843 in
683 2810 842 2854 epistula
872 2809 937 2842 illa
968 2809 1013 2841 ad
1046 2810 1244 2842 Lucceium
1277 2810 1364 2842 data
1395 2809 1426 2841 V
1453 2810 1513 2849 12,
1541 2810 1599 2848 10,
1631 2808 1693 2840 ubi
1717 2818 1757 2840 se

236 2871 245 2885 ‘
259 2869 533 2900 commentarios
557 2879 674 2901 rerum
693 2868 848 2901 omnium
861 2870 870 2885 ’
897 2867 934 2898 in
952 2865 1048 2899 illius
1066 2876 1167 2898 usum
1187 2866 1440 2899 confecturum
1458 2874 1537 2898 esse
1555 2863 1760 2907 pollicetur.
