1884 3213
78 941 108 964 10

77 1276 106 1301 15

538 207 735 240 VALERH
761 208 988 240 ANT1A'r1s
1017 207 1240 240 ANNALES
1567 206 1649 247 2451)

130 323 216 360 auri
263 326 380 372 atque
427 324 582 371 argenti
629 328 668 361 et
705 322 889 361 redactae
928 323 1122 373 pecuniae
1162 324 1364 361 conuenit.
1433 324 1466 361 si
1505 322 1649 373 aliquis

130 388 322 427 adsentiri
354 401 516 428 neccsse
549 394 620 434 est,
654 389 782 428 media
814 389 1016 429 simillima
1048 390 1158 428 ueris
1189 395 1294 429 sunt.

242 453 316 496 25.
349 458 446 496 Gell.
478 457 563 496 VII
582 458 686 506 (VI)
710 455 751 508 8,
773 455 798 496 3
829 457 977 508 Lepide
1011 459 1135 507 igitur
1167 459 1309 509 agitari
1341 462 1482 510 potest,
1515 463 1649 496 utrum

129 524 262 563 uideri
293 527 629 564 continentiorem
662 538 731 577 par
763 527 826 569 sit,
860 525 1098 564 Publiumne
1120 526 1350 565 Africanum
1384 527 1648 577 superiorem,

131 593 199 643 qui
232 592 469 643 Carthagine
508 594 636 645 ampla
675 595 839 632 ciuitate
872 595 912 631 in
944 593 1135 645 IIispania
1167 599 1408 644 expugnata,
1450 596 1648 644 uirginem

128 661 427 711 tempestiuam,
461 662 589 700 forma
628 662 810 711 egregia,
852 660 997 699 nobilis
1028 662 1107 699 uiri
1139 660 1303 712 Hispani
1344 662 1464 700 tiliam
1496 667 1650 712 captam

133 727 443 779 perductamque
475 727 522 766 ad
554 740 595 767 se
627 730 731 779 patri
765 729 999 767 inuiolatam
1030 728 1208 767 reddidit
1238 741 1285 767 an
1318 741 1452 780 regem
1483 730 1648 768 Alexan-

129 795 257 834 drum.
289 817 345 822 —
374 795 445 834 His
484 808 556 846 ego
594 796 782 835 uersibus
815 794 903 847 [Cn.
939 795 1106 847 Naeuii]
1141 796 1260 834 credo
1293 797 1507 835 adductum
1538 797 1649 835 Vale-

129 864 234 901 rium
273 864 470 903 Antiatem
516 864 708 902 aduersus
750 868 905 902 ceteros
944 865 1073 902 omnis
1113 865 1331 915 scriptores
1371 864 1418 903 de
1450 863 1650 916 Scipionis

131 930 309 969 moribus
349 932 520 970 sensisse
560 936 600 970 et
637 944 723 970 eam
762 931 935 983 puellam
975 933 1175 983 captiuam
1207 944 1285 970 non
1318 931 1514 970 redditam
1545 934 1647 983 patri

129 999 358 1049 scripsisse,
391 1004 529 1038 contra
562 1012 679 1050 quam
711 1011 782 1037 nos
814 1012 932 1050 supra
964 999 1149 1044 diximus,
1183 999 1250 1037 sed
1284 1004 1478 1038 retentam
1510 1012 1530 1038 a
1564 999 1648 1038 Sci-

129 1067 246 1117 pione
279 1071 395 1117 atque
429 1068 469 1105 in
501 1066 658 1105 deliciis
690 1066 970 1118 amoribusque
1001 1067 1049 1106 ab
1083 1080 1128 1105 eo
1159 1072 1403 1119 usurpatam.

240 1130 313 1172 26.
352 1134 438 1175 Ziu.
470 1135 673 1174 XXVIII
700 1132 774 1178 46,
810 1133 862 1172 14
898 1134 1057 1173 Eisdem
1098 1134 1239 1173 diebus
1278 1147 1400 1174 naues
1442 1137 1649 1174 onerariae
1674 1118 1740 1204 ἓξ

129 1201 352 1242 Poenorum
398 1202 445 1240 ad
491 1204 691 1253 octogInta
738 1204 845 1241 cirea
885 1202 1109 1241 Sardiniam
1156 1202 1204 1240 ab
1245 1201 1313 1241 Cn.
1347 1202 1533 1247 Octauio,
1581 1206 1649 1255 qui

129 1269 364 1320 prouinciae
400 1275 597 1320 praeerat,
631 1275 780 1321 captae.
840 1275 984 1320 captas
1015 1282 1079 1308 eas
1108 1270 1265 1309 Coelius
1295 1271 1495 1309 frumento
1528 1272 1648 1309 misso

130 1336 176 1375 ad
198 1336 463 1376 Hannibalem
487 1342 792 1389 commeatuque
816 1343 993 1379 onustas.
1025 1337 1206 1376 Valerius
1228 1337 1414 1389 praedam
1437 1338 1644 1377 Etruscam

129 1404 399 1456 Ligurumque
432 1410 469 1443 et
490 1405 767 1444 Montanorum
792 1408 972 1456 captiuos
995 1405 1272 1456 Carthaginem
1296 1407 1492 1456 portantis
1513 1406 1646 1445 tradit.

240 1468 314 1511 27.
344 1473 433 1511 Le'u.
464 1473 693 1511 XXVIIII
714 1471 781 1520 35,
816 1470 842 1511 2
880 1473 986 1512 Duos
1026 1474 1163 1511 eodem
1205 1475 1363 1512 nomine
1397 1472 1646 1524 [Hannonis]
1674 1456 1739 1542 ἒξ

129 1539 516 1590 Carthaginiensium
556 1540 675 1579 duces
715 1541 870 1580 duobus
911 1540 1165 1592 equestribus
1204 1541 1370 1591 proeliis
1404 1539 1478 1591 [ad
1507 1541 1648 1579 Salae-
1674 1532 1702 1541 Μ

1675 437 1739 466 elo

1675 495 1738 525 542

81 1612 114 1637 20
130 1618 218 1646 cam
250 1607 403 1659 urbem]
439 1608 687 1653 interfectos,
722 1621 800 1647 non
833 1621 970 1647 omnes
1002 1613 1186 1647 auctores
1208 1614 1312 1653 sunt,
1346 1610 1478 1653 ueriti,
1513 1609 1646 1653 credo,

130 1687 177 1713 ue
220 1675 376 1714 falleret
426 1675 488 1714 bis
526 1676 650 1715 relata
690 1676 827 1715 eadem
868 1689 945 1715 res.
1008 1676 1165 1715 Caelius
1206 1676 1367 1727 quidem
1399 1680 1438 1715 et
1467 1676 1648 1715 Valerius

129 1748 287 1793 captum
319 1745 438 1782 etiam
468 1743 702 1783 Hannonem
732 1744 908 1783 tradunt.

216 1885 280 1921 25.
313 1889 364 1920 De
395 1899 432 1920 re
470 1890 514 1929 ef.
546 1889 620 1921 Pol.
648 1890 681 1921 X
714 1892 764 1922 19.
815 1891 909 1924 Cass.
939 1891 1039 1922 Dion.
1062 1890 1112 1930 fr.
1138 1891 1191 1929 58,
1218 1891 1250 1929 2,
1289 1891 1447 1922 Frontin.
1473 1890 1518 1921 II
1552 1890 1603 1925 11,
1630 1891 1649 1921 5

129 1934 336 1975 maaez'meque
361 1934 437 1966 Lz‘u.
465 1934 595 1966 XXVI
620 1935 679 1973 50,
717 1936 923 1968 Valerianae
957 1941 1064 1967 tamen
1095 1936 1304 1967 narrationis
1336 1946 1428 1967 nemo
1453 1936 1649 1967 mentionem

129 1979 249 2015 iniecit,
275 1979 313 2010 z'sl
336 1980 427 2021 quod
453 1980 487 2011 in
513 1980 612 2012 Liuio
643 1991 682 2012 eo
706 1982 811 2023 mayis
835 1981 1042 2021 mirabimur,
1074 1982 1165 2023 quod
1194 1982 1228 2012 in
1258 1991 1335 2022 cap.
1365 1986 1473 2012 antee.
1501 1980 1552 2012 bis
1582 1981 1649 2011 Va-

128 2024 242 2055 lerium
265 2025 392 2056 citauit.

127 2072 171 2109 ss
218 2065 285 2101 26.
313 2068 401 2103 Coel.
427 2069 475 2108 fr.
501 2071 556 2102 33.

127 2120 169 2149 'fv-⁵
216 2110 276 2147 27.
301 2115 368 2146 uid.
396 2114 484 2146 Coel.
508 2115 554 2154 fr.
580 2116 623 2146 42
649 2125 677 2147 ο.
703 2117 782 2148 adn.

244 2262 281 2297 2.
315 2259 428 2312 ueris]
463 2265 604 2299 ueneris
635 2264 724 2300 Put.

241 2313 316 2366 25,
349 2318 383 2355 3.
416 2318 533 2367 lepida
575 2320 608 2356 V
661 2320 777 2368 lepida
808 2321 920 2368 igitur
951 2321 1114 2368 quaestio
1148 2320 1303 2367 (questio
1336 2319 1400 2365 al.)
1432 2320 1557 2367 agitari
1592 2331 1613 2361 ς

185 2374 223 2412 4.
256 2374 458 2410 affricanum
499 2375 562 2418 Vg
619 2377 850 2424 aphricanum
882 2388 980 2413 unus
1013 2389 1034 2419 ς
1170 2376 1206 2412 5.
1239 2373 1445 2432 cartagine-5·
1487 2376 1516 2411 V
1572 2388 1645 2410 car-

132 2443 249 2489 tagine
280 2441 500 2489 (carthagine
532 2454 633 2480 corr.
655 2446 693 2480 in
723 2443 959 2489 quibusdam)
988 2446 1164 2490 plerique
1199 2455 1220 2486 ς
1347 2444 1469 2478 ciuitas
1503 2454 1601 2478 unus
1623 2453 1646 2483 ς

214 2498 251 2534 6.
284 2498 454 2545 hyspania
487 2501 630 2545 aliquot
662 2509 686 2541 ς
744 2501 890 2547 yspania
921 2503 957 2536 2⁸72
989 2501 1124 2547 ispania
1159 2512 1260 2536 corr.
1286 2510 1383 2535 umes
1414 2507 1438 2540 ς
1497 2499 1644 2544 hyspani

131 2556 290 2599 (partim
320 2556 357 2589 in
391 2555 503 2601 ispani
542 2557 662 2597 corr.)
697 2557 841 2602 aliquot
872 2566 897 2598 ς
1050 2555 1085 2592 8.
1124 2556 1314 2591 abductum
1354 2559 1388 2590 et
1427 2554 1592 2589 aductum
1627 2566 1648 2595 ς

128 2612 268 2657 sz'729uli
410 2609 444 2646 9.
478 2611 650 2645 anciatem
692 2612 723 2647 V
751 2614 838 2659 aliq.
873 2624 895 2655 ς
951 2613 1123 2647 anxiatem
1157 2617 1191 2647 ec
1232 2611 1424 2646 anthiatem
1457 2620 1481 2651 ς
1511 2612 1648 2656 se'nqzcli

215 2666 278 2703 10.
311 2672 347 2702 et
377 2677 457 2701 eum
489 2677 564 2701 eam
596 2668 739 2714 aliquot
772 2680 795 2710 ς
851 2673 886 2703 et
917 2674 1013 2703 extra
1045 2678 1118 2703 eam
1158 2678 1256 2703 unus
1289 2662 1333 2709 ςῙ
1394 2671 1429 2701 et
1459 2677 1537 2701 cum
1570 2677 1645 2700 eam

129 2732 228 2758 unus
260 2734 282 2764 ς
410 2722 473 2756 11.
507 2727 630 2757 contra
663 2734 766 2769 quem
799 2735 863 2759 nos
908 2725 937 2758 V
965 2726 1106 2770 aliquot
1140 2735 1162 2766 ς
1283 2727 1419 2757 retenta
1452 2723 1594 2768 aliquot
1627 2733 1649 2763 ς

216 2777 280 2813 12.
313 2777 424 2813 delitii
456 2777 651 2825 moribusq.
683 2790 782 2815 unus
815 2791 837 2822 ς
865 2785 953 2815 ante
985 2791 1086 2816 corr.

241 2828 314 2869 26.
348 2835 422 2869 uid.
456 2844 574 2869 coum.
608 2835 660 2869 acl
689 2834 787 2870 Coel.
816 2836 871 2881 fr.
906 2836 971 2871 33.

243 2884 315 2926 27.
350 2891 421 2925 uid.
456 2901 574 2925 coum,
610 2891 660 2925 acl
689 2891 785 2927 Cocl.
815 2893 870 2938 fr.
905 2891 969 2926 42.
