1884 3213
627 189 865 222 VAlAERIVs
891 188 1062 221 AN'rms
1458 197 1605 227 (JCUXV

287 302 545 341 Plutarchus:
1087 303 1318 353 Dionysius:

141 367 313 421 λέγεται
333 370 447 421 γοῦν
476 381 581 409 ποτε
614 384 687 409 κα·
786 368 1034 409 καλέσαντα
1051 366 1279 422 Ῥωμαίων
1307 366 1501 416 πολλοὺς
1532 368 1605 408 καὶ

85 434 214 485 λε’σας
252 433 321 477 ἐπὶ
359 433 440 490 τὴν
469 436 690 490 τράπεζαν
728 433 929 489 ἀγαθούς
960 436 1022 485 εἰς
1051 433 1132 490 τὴν
1159 436 1328 488 οἰκίαν,
1364 435 1413 477 ἐν
1436 429 1463 489 ἧ
1494 436 1603 476 διαι-

84 501 166 544 οὐκ
191 501 370 557 ὀλίγους
385 505 475 545 τῶν
493 506 689 545 πολιτῶν
728 504 924 556 τιόμενος
947 502 1204 556 ἐτύγχανεν,
1228 504 1376 544 ἔπειτα
1400 503 1605 552 δείξαντα

85 568 221 625 σκεύη
249 586 296 612 τε
317 573 470 624 φαῦλα
500 570 573 612 καὶ
605 572 689 612 δεῖ-
727 577 818 619 τοῖς
850 569 1038 611 ἐλθοῦσι
1077 568 1129 611 τά
1160 571 1292 611 ἔνδον
1327 572 1380 624 τῇ
1410 585 1456 611 τε
1494 566 1604 623 ἄλλῃ

83 653 198 679 πνον
234 636 407 688 εὐτελὲς
435 639 556 680 πάνυ
584 653 688 692 προ·
729 640 983 691 κατασκευῇ
1034 637 1219 691 φαύλως
1272 637 1605 691 κεχορηγημένα

84 706 249 747 θέσθαι
308 705 382 746 καὶ
435 705 688 761 δημοτικόν.
728 704 801 746 καὶ
832 703 885 760 δὴ
918 704 992 745 καὶ
1027 707 1118 745 τῶν
1158 705 1220 754 εἰς
1258 704 1454 746 ἑστίασιν
1491 702 1604 758 ὀχλι-

83 771 344 827 άρξαμένων
395 772 442 815 δὲ
490 774 690 815 δειπνεῖν
728 770 811 827 κήν
858 773 1122 827 ἐπιτηδείων
1167 771 1333 825 ἄπορα,
1380 771 1480 813 τότε
1523 771 1604 825 μὲν

85 837 292 895 ἐμβαλών
341 840 495 894 λόγον,
555 838 614 890 ὠς
662 839 687 897 ἡ
728 838 1088 881 ἀπαλλάττεσθαι
1118 840 1340 892 κελεύειν,
1384 840 1444 888 εἰς
1482 838 1603 880 ἑσπέ-

81 902 204 959 θεός,
252 901 280 962 ᾗ
319 907 549 956 σύνεστιν,
587 908 690 964 ἥκοι
729 923 813 961 ραν
844 908 892 949 δὲ
924 910 1078 949 καλεῖν
1116 905 1282 956 αὐτοὺς
1322 907 1393 948 ἐπὶ
1429 904 1479 947 τὸ
1519 906 1602 947 δεῖ·

82 973 193 1029 πρὸς
245 974 403 1028 αὐτὸν,
456 977 689 1031 αἰφνίδιον
726 988 861 1017 πνον·
894 975 1274 1030 παραγενομένοις
1305 974 1353 1016 δὲ
1384 972 1493 1015 κατὰ
1523 971 1605 1027 τὴν

84 1042 299 1093 ἐπιδεῖξαι
350 1043 430 1085 τόν
479 1060 526 1086 τε
563 1042 689 1087 οἶκον
727 1041 1074 1097 ἀποδειχθεῖσαν
1170 1041 1293 1097 ὤραν
1390 1041 1605 1091 ἐπιδεῖξαι

84 1111 361 1165 ἐκπωμάτων
410 1110 557 1167 πλήρη
611 1127 686 1154 πο-
727 1112 963 1166 στρωμνάς
1000 1126 1046 1152 τε
1089 1112 1349 1158 πολυτελεῖς
1393 1108 1466 1151 καὶ
1504 1124 1604 1162 τρα-

82 1179 283 1219 λυτελῶν
321 1180 394 1220 καὶ
426 1177 501 1228 τὰς
531 1180 688 1234 τραπέ-
727 1178 854 1230 πέζας
877 1179 1152 1233 ἐκπωμάτων
1178 1174 1400 1232 γεμούσας
1423 1178 1605 1217 πολλῶν

81 1247 153 1296 ζας
174 1243 300 1294 ὄψων
321 1261 366 1287 τε
388 1247 690 1288 παντοδαπῶν
728 1247 802 1286 καὶ
833 1248 1005 1299 καλῶν,
1039 1245 1236 1288 ἑστίασίν
1266 1260 1312 1286 τε
1344 1243 1495 1293 αὐτοῖς
1525 1258 1604 1284 πα-

82 1313 156 1353 nat
174 1314 687 1368 παρασκευῆςδαψιλοῦς
729 1318 939 1367 ραθεῖναι
1017 1316 1356 1355 κατακλιθεῖσιν
1435 1309 1605 1364 ἁπάσης

79 1380 310 1435 γεμούσας.
728 1381 918 1436 ἐδωδῆς,
974 1380 1029 1436 ἣν
1074 1378 1173 1422 οὐδ’
1227 1379 1282 1422 dix
1337 1379 1386 1420 ἐκ
1433 1380 1605 1419 πολλοῦ

726 1449 847 1491 πάνυ
886 1449 1053 1503 χρόνου
1088 1446 1521 1503 παρασκευάσασθαι
1550 1470 1606 1476 --

726 1517 884 1573 ῥᾴδιον
913 1513 983 1572 ἦν.

193 1587 359 1626 Maxime
395 1601 489 1626 uero
520 1602 619 1640 quae
642 1589 788 1627 Valerii
811 1601 901 1628 cum
924 1588 1083 1626 Sabinis
1106 1594 1314 1638 gesserunt
1338 1586 1454 1631 bella,
1486 1597 1603 1637 quam

82 1655 195 1705 quasi
228 1657 476 1705 prouinciam
510 1656 577 1695 illa
608 1668 704 1705 gens
736 1656 814 1695 sibi
847 1657 1126 1707 depoposcisse
1158 1655 1340 1698 uidetur,
1373 1654 1534 1704 copiose
1566 1658 1598 1690 el

82 1721 235 1771 prolixe
266 1736 356 1761 cum
389 1723 509 1761 effusa
540 1723 787 1762 Valeriorum
826 1723 940 1762 laude
980 1725 1181 1774 pertexuit
1218 1722 1430 1772 Dionysius
1463 1719 1505 1770 (V
1536 1718 1603 1758 37.

80 1786 135 1827 39
166 1802 198 1827 a.
231 1786 327 1828 505.
359 1788 453 1828 249.
488 1791 516 1827 V
545 1788 613 1828 40.
644 1789 699 1829 43
731 1804 764 1829 a.
796 1789 891 1829 504.
924 1788 1019 1829 250.
1053 1791 1100 1828 VI
1130 1787 1198 1827 41.
1229 1787 1284 1827 43
1316 1802 1348 1827 a.
1380 1785 1476 1826 494.
1508 1785 1603 1825 260.

82 1856 184 1894 VIIII
215 1854 282 1895 34.
315 1855 369 1896 35
400 1870 432 1896 a.
465 1855 561 1897 475.
594 1855 710 1908 279),
751 1871 841 1897 cum
874 1858 1011 1897 Liuius
1050 1871 1094 1896 ea
1126 1863 1193 1896 aut
1224 1857 1435 1908 perpaucis
1468 1854 1605 1893 uerbis

82 1932 148 1962 aut
179 1926 340 1963 omnino
372 1938 450 1963 non
482 1932 800 1965 comnemoraret
841 1924 888 1976 (ΙΙ
922 1924 991 1967 16,
1028 1924 1070 1969 ];
1104 1923 1141 1963 6.
1182 1922 1255 1968 31,
1288 1922 1348 1975 3),
1390 1925 1429 1961 in
1469 1924 1604 1973 priore

82 1991 248 2030 alterius
280 1992 376 2032 libri
414 1999 525 2044 parte
566 1995 813 2044 antiquiores
845 1999 1029 2032 auctores
1061 1998 1232 2031 secutus.
1294 2004 1367 2042 qua
1408 1990 1455 2028 de
1487 2002 1602 2027 cansa

84 2058 186 2097 haud
230 2060 376 2098 iniuria
417 2060 575 2098 illarum
616 2073 750 2099 rerum
794 2063 1087 2100 enarrationem
1129 2060 1405 2110 Dionysianani
1446 2057 1492 2095 ad
1528 2058 1603 2094 An-

83 2127 190 2164 tiatis
222 2128 500 2166 auctoritatem
532 2129 686 2167 rettulit
709 2128 936 2178 Schwegler
967 2129 1001 2167 ΙΙ
1033 2142 1070 2179 p.
1103 2125 1183 2166 733
1208 2140 1264 2179 sq.
1317 2127 1469 2165 accedit
1500 2126 1603 2175 quod

83 2206 199 2244 quem
231 2194 476 2233 inmodicum
499 2194 738 2235 Sabinorum
772 2198 812 2234 in
844 2197 968 2235 altero
1000 2196 1105 2234 hello
1137 2197 1362 2234 occisorum
1395 2206 1602 2232 numerum

85 2258 251 2308 (13,5OO
272 2273 306 2298 c.
328 2257 396 2312 42>
420 2261 631 2312 Dionysius
654 2264 856 2307 indicauit,
890 2263 1059 2301 eundem
1082 2265 1200 2302 etiam
1223 2263 1326 2314 apud
1347 2261 1603 2301 Plutarchum

82 2327 206 2366 hahes
239 2326 286 2377 (c.
310 2325 393 2379 20),
426 2341 658 2381 quamquam
693 2331 756 2370 hic
782 2343 852 2382 per
875 2342 1053 2369 errorem
1084 2333 1214 2382 primo
1248 2330 1352 2368 bello
1383 2334 1440 2367 tot
1471 2328 1603 2366 hostes

82 2407 216 2433 caesos
248 2407 333 2433 esse
366 2397 539 2447 scripsit.
597 2400 715 2436 etiam
748 2400 959 2439 iuuenum.
992 2399 1059 2449 qui
1090 2398 1235 2436 Romae
1267 2398 1377 2436 censi
1409 2397 1508 2439 sint,
1543 2396 1601 2432 in-

82 2468 219 2513 gentes
260 2464 415 2501 numeri
453 2464 553 2514 apud
593 2464 823 2516 Dionysium
863 2467 1125 2505 inueniuluur
1165 2466 1193 2502 V
1224 2462 1279 2502 20
1317 2478 1362 2514 ta.
1395 2461 1489 2501 246.
1522 2460 1603 2500 508

83 2524 246 2581 εὑρέθη
286 2529 375 2568 τῶν
416 2528 465 2568 ἐν
505 2526 588 2583 ἥβῃ
622 2527 848 2583 Ῥωμαίων
893 2532 994 2584 περὶ
1039 2529 1325 2582 τρισκαίδεκα
1368 2526 1602 2581 μυριάδας,

84 2608 255 2647 quocun]
287 2609 453 2635 numero
486 2601 683 2637 consentit
714 2600 915 2640 Plutarch.
950 2601 1058 2651 Popl.
1095 2597 1179 2639 12.
1215 2597 1267 2637 75
1301 2597 1346 2646 [a.
1371 2594 1465 2635 256.
1497 2594 1600 2634 498:

88 2661 300 2714 150‚70())‚
342 2663 387 2701 VI
429 2661 481 2701 96
520 2664 566 2713 (a.
609 2663 704 2703 261,
743 2664 846 2705 493:
900 2665 1094 2711 111,000,
1139 2667 1206 2716 qui
1246 2676 1436 2702 numerus
1477 2664 1601 2701 multo

84 2731 213 2768 minor
244 2731 501 2769 confirmatur
532 2730 742 2783 v111125]‚
776 2733 878 2771 VIIII
909 2732 964 2772 36
997 2732 1043 2781 (a.
1067 2731 1161 2770 ⁶280.
1185 2729 1286 2769 474:
1324 2727 1510 2774 13:-3‚OOO‚
1545 2731 1601 2769 sic

84 2797 189 2835 enim
221 2809 267 2835 ex
298 2797 383 2836 eod.
409 2797 500 2835 Vri».
534 2798 790 2838 scribendum
823 2806 893 2839 est.
935 2801 985 2839 cs.
1009 2799 1235 2849 Schwvglcr
1267 2797 1300 2834 II
1332 2810 1367 2847 p.
1401 2794 1483 2835 689
1515 2796 1600 2847 sq),

83 2862 228 2915 aliique
260 2866 416 2904 numeri
446 2865 713 2904 Romanorum
745 2867 1008 2918 hostiumque,
1042 2869 1109 2918 qui
1142 2868 1245 2905 inter
1277 2878 1316 2904 se
1348 2864 1601 2905 conflixerint
