1884 3213
121 286 186 315 32ss

121 331 185 372 ΩΒ

121 636 183 665 321

122 681 186 723 -ι3ἒξ

211 194 293 234 214
836 191 1138 232 RELMQVIAE

327 306 397 347 16.
438 309 534 345 Gell.
567 319 606 345 η.
640 308 714 345 All.
745 307 793 344 II
825 303 894 350 19,
929 304 951 344 7
992 305 1180 345 Claudius
1211 306 1497 357 Quadrigarius
1530 307 1570 345 in
1601 308 1730 358 primo

211 376 363 415 annali:
412 376 464 414 Ea
509 375 657 414 Lucani
705 373 775 412 ubi
822 375 1094 418 reseiuerunt,
1141 373 1219 413 sibi
1266 386 1336 425 per
1382 374 1560 413 fallacias
1606 373 1731 413 uerba

211 444 298 482 data
331 456 429 482 esse.

325 507 396 549 17.
438 512 534 549 Geli.
567 510 703 549 XVII
728 508 774 555 2,
811 507 861 548 18
900 509 1027 548 Verba
1067 522 1112 548 ex
1153 510 1197 556 Q.
1231 509 1369 548 Claudi
1407 511 1538 561 primo
1577 510 1729 549 annali:

209 601 266 606 —
295 591 393 623 sese,
428 580 570 630 inquit,
604 591 652 617 ne
676 578 714 617 id
737 590 907 630 quoque,
941 577 1045 628 quod
1070 583 1151 615 tum
1181 577 1378 622 suaderet,
1411 578 1611 616 facturum
1633 590 1732 617 esse.
1751 592 1768 618 5

327 642 397 685 18.
437 647 524 684 Lae.
566 647 699 685 VIIII
725 644 771 696 ι’),
810 645 828 683 1
872 645 1061 684 Consules
1103 643 1170 696 [T.
1213 646 1399 684 Veturius
1435 646 1626 685 Caluinus
1663 646 1733 695 Sp.

212 715 433 753 Postumius
463 713 650 765 Albinus]
685 714 856 765 profecti
887 713 934 751 ad
967 713 1152 752 Pontium
1186 714 1226 751 in
1259 712 1530 764 conloquimn,
1565 726 1654 752 eum
1687 712 1734 752 de

214 781 374 821 loedere
421 783 551 820 uictor
598 783 785 832 agilaret,
835 786 1029 831 negarunt
1076 782 1230 819 iniussu
1279 781 1415 831 populi
1459 781 1600 820 l'oedus
1646 782 1734 819 [ieri

215 862 347 900 posse,
392 862 462 888 nce
501 850 587 888 sine
629 848 833 888 fetialibus
871 850 1193 899 caerimoniaque
1233 848 1309 886 alia
1342 848 1538 887 sollemni.
1602 850 1734 899 itaque

215 930 312 961 non,
354 922 395 955 ut
428 916 546 967 uulgo
586 917 755 955 credunt
787 916 1055 966 Claudiusque
1095 918 1213 955 eliam
1252 915 1416 959 scribit,
1456 916 1618 954 foedere
1656 928 1731 967 pax
1757 932 1789 958 ιο

214 984 409 1028 Caudina,
451 984 519 1021 sed
551 996 621 1034 per
653 986 907 1035 sponsionem
939 984 1042 1022 faeta
1074 989 1145 1022 est.
1208 984 1302 1034 quid
1335 985 1441 1022 enim
1474 988 1540 1022 aut
1570 996 1734 1035 sponso-

215 1051 326 1090 ribus
368 1053 408 1090 in
446 1051 606 1090 foedere
646 1065 744 1103 opus
784 1056 887 1090 esset
926 1057 992 1090 aut
1031 1050 1260 1095 obsidibus,
1302 1051 1372 1089 ubi
1410 1052 1640 1102 precatione
1672 1062 1736 1090 res

214 1121 469 1169 transigitur,
509 1131 580 1171 per
619 1132 736 1170 quem
776 1119 965 1170 populmn
1006 1120 1089 1163 liat,
1137 1131 1214 1170 quo
1253 1120 1385 1157 minus
1423 1117 1579 1169 legibus
1618 1119 1737 1158 dietis

215 1314 250 1341 et
276 1309 411 1351 Apulos
444 1309 540 1347 (nam
572 1312 725 1351 utraque
757 1320 799 1341 00
832 1321 926 1342 anno
959 1310 1115 1343 societas
1147 1314 1277 1352 coepta
1303 1309 1373 1353 est)
1400 1311 1437 1342 in
1470 1309 1577 1341 fidem
1612 1309 1738 1352 populi

217 1356 367 1387 llomani
398 1355 544 1386 uenisse
577 1355 739 1386 adlatum
775 1360 846 1387 est:
886 1356 1019 1398 quippe
1051 1366 1163 1398 prope
1199 1355 1342 1387 modum
1374 1358 1587 1397 peruentum
1620 1355 1666 1386 ad
1699 1366 1737 1387 se

217 1411 307 1438 csse,
335 1401 478 1441 iamque
505 1401 539 1431 in
568 1411 608 1432 00
635 1411 707 1431 rem
736 1400 826 1440 fore,
853 1404 893 1432 ut
911 1401 1065 1432 Romani
1090 1404 1153 1433 aut
1178 1401 1301 1433 hostes
1328 1404 1391 1433 aut
1416 1401 1551 1432 domini
1575 1400 1737 1432 habendi

215 1446 299 1477 sint.
348 1445 542 1477 discrimen
575 1446 741 1487 profecto
773 1457 890 1477 rerum
917 1456 1061 1477 suarum
1087 1446 1124 1477 in
1156 1446 1252 1478 bello
1285 1445 1502 1477 Samnitium
1528 1449 1737 1487 euentuque

215 1492 294 1522 cius
320 1491 426 1522 uerti.
477 1501 556 1521 eam
590 1491 705 1523 solam
738 1496 882 1532 gentem
908 1495 1064 1531 restare,
1099 1502 1167 1523 nec
1193 1502 1272 1523 eam
1303 1491 1419 1533 ipsam
1444 1491 1536 1522 satis
1560 1490 1736 1531 ualidam,

215 1535 356 1577 quando
381 1535 553 1567 Lucanus
579 1536 778 1576 defecerit,
813 1547 916 1578 quem
943 1537 1109 1568 reuocari
1137 1536 1253 1568 adhuc
1279 1536 1491 1578 impellique
1518 1536 1563 1567 ad
1590 1535 1736 1568 abolen-

215 1581 296 1612 dam
334 1581 548 1613 societatem
582 1582 781 1613 Romanam
819 1592 944 1623 posse,
983 1582 1013 1613 si
1045 1592 1115 1623 qua
1149 1592 1207 1613 ars
1245 1582 1409 1613 serendis
1444 1581 1637 1613 discordiis
1674 1580 1738 1612 ad-

216 1626 396 1658 hibeatur.
446 1626 549 1658 haec
583 1627 780 1659 consilia
819 1637 911 1658 cum
948 1627 1064 1668 apud
1101 1626 1292 1669 cupidos
1330 1637 1473 1658 rerum
1510 1626 1737 1658 nouanda-

217 1682 307 1702 rum
354 1671 631 1711 ualuissen‘t⁷
682 1683 728 1703 ex
770 1673 1008 1703 iuuentute
1052 1672 1226 1714 quidam
1267 1673 1547 1704 Lucanorum
1587 1671 1737 1713 pretio

216 1716 403 1755 adsciti,
439 1716 553 1747 clari
586 1718 726 1759 magis
758 1717 877 1749 inter
910 1717 1153 1758 populares
1186 1727 1311 1758 quam
1344 1717 1546 1756 honesti,
1578 1717 1674 1748 inter
1699 1726 1738 1748 se

219 1760 366 1792 mulcati
392 1761 462 1802 ipsi
488 1762 603 1802 uirgis
630 1773 708 1793 cum
735 1772 886 1804 corpora
912 1763 1007 1793 nuda
1032 1762 1244 1794 intulissent
1269 1762 1307 1793 in
1333 1763 1468 1794 ciuium
1493 1764 1653 1800 coetum,
1678 1771 1738 1793 uo-

219 1805 367 1837 ciferati
395 1810 479 1836 sunt
504 1816 554 1847 se,
583 1806 675 1847 quod
702 1811 822 1838 castra
849 1809 1015 1839 Romana
1037 1808 1183 1848 ingredi
1208 1807 1289 1839 ausi
1315 1810 1456 1847 essent,
1481 1818 1502 1838 a
1529 1806 1739 1839 consulibus

219 1850 332 1891 uirgis
365 1860 492 1882 caesos
518 1862 560 1881 ac
595 1862 704 1892 prope
732 1853 848 1883 securi
877 1862 1069 1893 percussos
1100 1863 1192 1886 esse.
1244 1852 1418 1884 deformis
1450 1855 1580 1894 suapte
1605 1855 1739 1883 natura

219 1905 274 1926 res
307 1906 386 1926 eum
418 1896 577 1936 speeiem
611 1897 766 1928 iniuriae
801 1899 917 1938 magis
950 1907 1058 1938 quam
1095 1897 1169 1929 doli
1201 1908 1289 1939 prae
1322 1908 1361 1929 se
1399 1897 1528 1936 ferret,
1567 1897 1739 1928 concitati

220 1940 381 1970 homines
419 1945 553 1979 cogunt
585 1940 740 1973 clamore
773 1952 835 1973 suo
867 1942 1105 1983 magistratus
1137 1945 1304 1973 senatum
1338 1952 1488 1981 uocare,
1523 1942 1648 1973 etalii
1673 1941 1739 1973 cir·
1787 1957 1799 1968 ο

219 1988 444 2015 ‹zumstantcs
472 1985 662 2017 consilium
688 1986 823 2018 bellum
850 1986 885 2017 in
914 1987 1093 2018 Romanos
1120 1990 1293 2028 poscunt,
1321 1987 1384 2018 alii
1410 1987 1454 2018 ad
1482 1986 1739 2018 concitandam

219 2030 253 2059 in
288 2040 385 2060 arma
418 2030 687 2061 multitudinem
725 2032 926 2071 agrestium
960 2031 1184 2071 discurrunt,
1223 2031 1453 2072 tumultuque
1486 2032 1597 2063 etiam
1629 2041 1738 2062 sanos

219 2078 479 2105 consternante
507 2076 646 2106 animos
673 2076 899 2116 decernitur,
933 2079 971 2107 ut
998 2077 1156 2108 societas
1184 2087 1263 2108 cum
1291 2077 1518 2109 Samnitibus
1544 2086 1738 2108 renouare-

220 2123 291 2151 tur.
318 2119 502 2160 legatique
527 2120 571 2151 ad
599 2131 678 2151 eam
706 2132 776 2152 rem
804 2122 1005 2154 mittuntur.
1041 2122 1234 2163 repentina
1260 2132 1318 2153 res
1344 2122 1430 2162 quia
1457 2132 1563 2163 quam
1589 2132 1738 2153 causam

220 2164 352 2195 nullam
385 2169 458 2196 tam
491 2176 534 2196 ne
567 2165 671 2197 fidem
699 2165 842 2207 quidem
877 2166 1056 2206 habebat,
1084 2167 1205 2198 coacti
1231 2178 1252 2198 a
1278 2166 1505 2198 Samnitibus
1531 2170 1566 2197 et
1592 2165 1738 2198 obsides

219 2208 303 2239 darc
332 2212 367 2239 et
394 2209 577 2251 praesidia
602 2211 637 2241 in
664 2211 744 2243 loca
770 2212 910 2242 munita
937 2212 1119 2253 accipere:
1148 2213 1251 2243 caeci
1280 2211 1407 2243 fraude
1426 2215 1464 2243 et
1490 2212 1543 2243 ira
1568 2211 1658 2242 nihil
1685 2221 1739 2243 re—

221 2257 406 2286 cusarunt.
459 2255 662 2287 dilucere
696 2256 856 2287 deinde
888 2257 1016 2288 breui
1052 2257 1174 2287 fraus
1202 2258 1373 2298 eoepit,
1401 2259 1595 2298 postquam
1622 2256 1737 2288 crimi-

219 2309 299 2329 num
329 2299 501 2331 falsorum
527 2305 698 2332 auctores
716 2302 915 2332 Tarentum
933 2302 1227 2343 commigrauere,
1253 2302 1318 2333 sed
1346 2303 1482 2334 amissa
1507 2302 1603 2334 omni
1629 2301 1672 2333 de
1699 2312 1738 2333 se

220 2348 403 2384 potestate
432 2345 521 2375 nilnil
549 2345 644 2376 ultra
672 2357 777 2387 quam
805 2350 843 2377 ut
869 2347 1075 2388 paeniteret
1103 2347 1238 2378 frustra
1265 2348 1444 2379 restabat.

309 2398 365 2431 17.
394 2401 460 2430 ΙΙῐ(1
477 2402 582 2441 posui.
602 2402 679 2443 quia
705 2414 736 2436 ιι,
756 2403 831 2433 321.
849 2403 915 2433 433
941 2403 1055 2434 [licere
1079 2404 1187 2443 pomi!
1207 2404 1361 2442 Pontius,
1387 2414 1458 2434 eam
1482 2403 1580 2435 etiam
1597 2403 1738 2434 alterum

218 2446 397 2484 enusilimn,
418 2447 514 2520 Zm'd
529 2448 671 2478 dederat
696 2451 796 2488 pater·
821 2449 862 2479 (le
880 2447 1037 2479 Romanis
1061 2450 1154 2488 apud
1170 2448 1329 2480 Caudium
1354 2449 1502 2489 inrlusz's,
1527 2449 1737 2489 repudiaret.

219 2490 283 2520 uid.
314 2491 386 2523 Ιιὶιι,
451 2491 540 2521 ΙΙΙ]
565 2494 662 2523 3—4.

336 2645 406 2697 lli,
441 2651 474 2685 1.
508 2650 648 2685 Cladius
682 2652 715 2686 Ρ
856 2652 892 2686 2.
928 2651 1076 2687 sallalias
1109 2654 1155 2689 R.

335 2700 405 2753 17,
437 2706 473 2742 5.
506 2703 600 2755 sese]
634 2712 675 2742 ee
708 2720 728 2742 r
787 2719 864 2743 esse
898 2709 936 2743 L.

336 2756 406 2808 IS,
438 2763 473 2798 8.
507 2763 629 2808 sedere
661 2763 796 2800 Medic.
945 2765 1005 2798 lu.
1041 2770 1078 2799 ιιι
1109 2765 1194 2812 ulgo
1228 2761 1344 2801 Mecl.¹
1467 2765 1529 2801 11.
1563 2762 1644 2813 sed]
1678 2776 1738 2800 see

222 2813 334 2850 ,ΗΜΛ
378 2829 478 2853 corr.
518 2832 563 2853 m.
604 2825 745 2865 qurcrm
921 2821 981 2855 12.
1027 2820 1083 2855 ubi
1128 2822 1290 2868 pontione
1336 2827 1476 2857 restant
1518 2822 1630 2869 igitur
1673 2832 1736 2869 per

221 2868 361 2906 Paris]
426 2874 481 2908 ubi
514 2876 675 2921 peatione
708 2887 763 2911 res
796 2888 837 2911 an
871 2877 980 2923 igitur
1013 2887 1074 2923 per
1106 2874 1253 2913 1)(ινὶ5.2
